%% This BibTeX bibliography file was created using BibDesk.
%% http://bibdesk.sourceforge.net/

%% Created for Christian Tausch at 2019-04-12 11:53:10 +0200 


%% Saved with string encoding Unicode (UTF-8) 


@comment{jabref-meta: databaseType:bibtex;}

@book{W00,
  title={Asymptotic theory for econometricians},
  author={White, Halbert},
  year={2000},
  publisher={Academic press},
  edition={Second}
}

@unpublished{L08,
	Author = {Austin M. Long},
	Note = {Alignment Capital Group, working paper},
	Year = {2008},
	Title = {The Common Mathematical Foundation of ACGâ€™s ICM and AICM and the K&S PME}}

@unpublished{K18,
	Author = {Arthur Korteweg},
	Date-Added = {2019-04-12 09:51:15 +0000},
	Date-Modified = {2019-04-12 09:53:10 +0000},
	Note = {unpublished working paper (http://dx.doi.org/10.2139/ssrn.3293984)},
	Year = {2018},
	Title = {Risk Adjustment in Private Equity Returns}}

@unpublished{GN18,
	Author = {Arpit Gupta and Stijn Van Nieuwerburgh},
	Date-Added = {2019-01-20 13:33:51 +0000},
	Date-Modified = {2019-01-20 13:34:50 +0000},
	Month = {December 12},
	Note = {unpublished working paper (https://www.aeaweb.org/conference/2019/preliminary/paper/YsGkk6BR)},
	Title = {Valuing Private Equity Investments Strip by Strip},
	Year = {2018}}

@incollection{FS91,
	Author = {Hans F{\"o}llmer and Martin Schweizer},
	Booktitle = {Applied Stochastic Analysis},
	Date-Added = {2018-12-14 12:22:27 +0000},
	Date-Modified = {2018-12-14 12:23:51 +0000},
	Editor = {M. H. A. Davis and R. J. Elliott},
	Pages = {389-414},
	Publisher = {Gordon and Breach},
	Series = {Stochastics Monographs},
	Title = {Hedging of Contingent Claims under Incomplete Information},
	Volume = {5},
	Year = {1991}}

@incollection{S01,
	Author = {Martin Schweizer},
	Booktitle = {Option Pricing, Interest Rates and Risk Management},
	Chapter = {15},
	Date-Added = {2018-12-14 12:03:57 +0000},
	Date-Modified = {2018-12-14 12:06:09 +0000},
	Editor = {Elyes Jouini and Jaksa Cvitanic and Marek Musiela},
	Pages = {538-574},
	Publisher = {Cambridge University Press},
	Title = {A Guided Tour through Quadratic Hedging Approaches},
	Year = {2001}}

@incollection{S08,
	Author = {Martin Schweizer},
	Booktitle = {Advances in mathematics of finance},
	Date-Added = {2018-12-14 11:57:16 +0000},
	Date-Modified = {2018-12-14 12:01:55 +0000},
	Editor = {Lukasz Stettner},
	Pages = {213-229},
	Publisher = {Polish Academy of Sciences},
	Series = {Banach Center Publications},
	Title = {Local risk-minimization for multidimensional assets and payment streams},
	Volume = {83},
	Year = {2008}}

@incollection{FS86,
	Author = {Hans F{\"o}llmer and Dieter Sondermann},
	Booktitle = {Contributions to mathematical economics},
	Chapter = {12},
	Date-Added = {2018-12-14 11:42:22 +0000},
	Date-Modified = {2018-12-14 17:26:16 +0000},
	Editor = {Werner Hildenbrand and Andreu Mas-Colell},
	Pages = {205-223},
	Publisher = {North-Holland},
	Title = {Hedging of non-redundant contingent claims},
	Year = {1986}}

@article{H12,
	Author = {Lars Peter Hansen},
	Journal = {Journal of Econometrics},
	Pages = {325-330},
	Title = {Proofs for large sample properties of generalized method of moments estimators},
	Volume = {170},
	Year = {2012}}

@article{H82,
	Author = {Lars Peter Hansen},
	Journal = {Econometrica},
	Pages = {1029-1054},
	Title = {Large Sample Properties of Generalized Method of Moments Estimators},
	Volume = {50},
	Number = {4},
	Year = {1982}}

@article{R00,
	Author = {Jeff Racine},
	Journal = {Journal of Econometrics},
	Pages = {39-61},
	Title = {Consistent cross-validatory model-selection for dependent data: hv-block cross-validation},
	Volume = {99},
	Year = {2000}}

@article{BP03,
	Author = {Hans B{\"u}hlmann and Eckhard Platen},
	Journal = {Astin Bulletin},
	Number = {2},
	Pages = {153-172},
	Title = {A discrete time benchmark approach for insurance and finance},
	Volume = {33},
	Year = {2003}}

@article{PR12,
	Author = {Eckhard Platen and Renata Rendek},
	Journal = {Journal of Asset Management},
	Number = {1},
	Pages = {34-50},
	Title = {Approximating the numeraire portfolio by naive diversification},
	Volume = {13},
	Year = {2012}}

@article{D01,
	Author = {Dirk Becherer},
	Journal = {Finance and Stochastics},
	Pages = {327-341},
	Title = {The numeraire portfolio for unbounded semimartingales},
	Volume = {5},
	Year = {2001}}

@article{L90,
	Author = {John B. Long},
	Journal = {Journal of Financial Economics},
	Pages = {29-69},
	Title = {The numeraire portfolio},
	Volume = {26},
	Year = {1990}}

@article{P06,
	Author = {Eckhard Platen},
	Journal = {Mathematical Finance},
	Number = {1},
	Pages = {131-151},
	Title = {A benchmark approach to finance},
	Volume = {16},
	Year = {2006}}

@incollection{P11,
	Author = {Eckhard Platen},
	Booktitle = {The Kelly capital growth investment criterion: Theory and practice},
	Publisher = {World Scientific},
	Title = {A benchmark approach to investing and pricing},
	Year = {2011}}

@article{KN16,
	Author = {Arthur Korteweg and Stefan Nagel},
	Journal = {Journal of Finance},
	Number = {3},
	Pages = {1437-1470},
	Title = {Risk-adjusting the returns to venture capital},
	Volume = {71},
	Year = {2016}}

@article{SJ15,
	Author = {Morten Sorensen and Ravi Jagannathan},
	Journal = {Financial Analysts Journal},
	Number = {4},
	Pages = {43-50},
	Title = {The public market equivalent and private equity performance},
	Volume = {71},
	Year = {2015}}

@article{DLP12,
	Author = {Joost Driessen and Tse-Chun Lin and Ludovic Phalippou},
	Journal = {Journal of Financial and Quantitative Analysis},
	Number = {3},
	Pages = {511-535},
	Title = {A new method to estimate risk and return of nontraded assets from cash flows: the case of private equity},
	Volume = {47},
	Year = {2012}}

@article{ACGP18,
	Author = {Andrew Ang and Bingxu Chen and William N. Goetzmann and Ludovic Phalippou},
	Journal = {Journal of Finance},
	Number = {4},
	Pages = {1751-1783},
	Title = {Estimating Private Equity Returns from Limited Partner Cash Flows},
	Volume = {73},
	Year = {2018}}

@article{R76,
	Author = {Mark Rubinstein},
	Journal = {Journal of Finance},
	Number = {2},
	Pages = {551-571},
	Title = {The Strong Case for the Generalized Logarithmic Utility Model as the Premier Model of Financial Markets},
	Volume = {31},
	Year = {1976}}

@article{KS05,
	Author = {Steven Kaplan and Antoinette Schoar},
	Journal = {Journal of Finance},
	Number = {4},
	Pages = {1791-1823},
	Title = {Private equity performance: Returns, persistence, and capital flows},
	Volume = {60},
	Year = {2005}}

@article{SWY14,
	Author = {Morten Sorensen and Neng Wang and Jinqiang Yang},
	Journal = {Review of Financial Studies},
	Number = {7},
	Pages = {1977-2021},
	Title = {Valuing private equity},
	Volume = {27},
	Year = {2014}}

@article{B16,
	Author = {Axel Buchner},
	Journal = {Journal of International Financial Markets, Institutions and Money},
	Pages = {60-78},
	Title = {Dealing with non-normality when estimating abnormal returns and systematic risk of private equity: A closed-form solution},
	Volume = {45},
	Year = {2016}}

@article{FFJT02,
	Author = {Herber Farnsworth and Wayne Ferson and David Jackson and Steven Todd},
	Journal = {Journal of Business},
	Number = {3},
	Pages = {473-503},
	Title = {Performance evaluation with stochastic discount factors},
	Volume = {75},
	Year = {2002}}

@article{LXZ16,
	Author = {Haitao Li and Yuewu Xu and Xiaoyan Zhang},
	Journal = {Journal of Financial and Quantitative Analysis},
	Number = {1},
	Pages = {231-257},
	Title = {Hedge funds performance evaluation under the stochastic discount factor framework},
	Volume = {51},
	Year = {2016}}

@article{GZ14,
	Author = {Jonas Gusset and Heinz Zimmermann},
	Journal = {Financial Markets and Portfolio Management},
	Number = {4},
	Pages = {307-336},
	Title = {Why not use SDF rather than beta models in performance measurement?},
	Volume = {28},
	Year = {2014}}

@article{CCC14,
	Author = {Claudia Ceci and Katia Colaneri and Alessandra Cretarola},
	Journal = {Insurance: Mathematics and Economics},
	Pages = {129-146},
	Title = {A benchmark approach to risk-minimization under partial information},
	Volume = {55},
	Year = {2014}}

@article{DP16,
	Author = {Ke Du and Eckhard Platen},
	Journal = {Mathematical Finance},
	Number = {3},
	Pages = {617-637},
	Title = {Benchmarked Risk Minimization},
	Volume = {26},
	Year = {2016}}

@article{BCP14,
	Author = {Francesca Biagini and Alessandra Cretarola and Eckhard Platen},
	Journal = {Mathematics and Financial Economics},
	Number = {2},
	Pages = {109--134},
	Title = {Local risk-minimization under the benchmark approach},
	Volume = {8},
	Year = {2014}}

@article{P12,
	Author = {Jerome Pansera},
	Journal = {Insurance: Mathematics and Economics},
	Pages = {1-12},
	Title = {Discrete-time local risk minimization of payment processes and applications to equity-linked life-insurance contracts},
	Volume = {50},
	Year = {2012}}

@article{KS09,
	Author = {Ralf Korn and Manfred Sch{\"a}l},
	Journal = {Advanced Financial Modelling},
	Pages = {303-326},
	Publisher = {Walter de Gruyter},
	Title = {The numeraire portfolio in discrete time: existence, related concepts and applications},
	Volume = {8},
	Year = {2009}}

@article{S94,
	Author = {Manfred Sch{\"a}l},
	Journal = {Mathematics of operations research},
	Number = {1},
	Pages = {121-131},
	Publisher = {INFORMS},
	Title = {On quadratic cost criteria for option hedging},
	Volume = {19},
	Year = {1994}}

@article{GM17,
	Author = {Anna Glazyrina and Alexander Melnikov},
	Journal = {Risk and Decision Analysis},
	Number = {2},
	Pages = {167-175},
	Title = {Quadratic hedging of equity-linked life insurance contracts under the real-world measure in discrete time},
	Volume = {6},
	Year = {2017}}

@article{M01,
	Author = {Thomas Moller},
	Journal = {Finance and Stochastics},
	Number = {4},
	Pages = {419-446},
	Title = {Risk-minimizing hedging strategies for insurance payment processes},
	Volume = {5},
	Year = {2001}}

@article{BN09,
	Author = {Jushan Bai and Serena Ng},
	Journal = {Journal of Applied Econometrics},
	Number = {4},
	Pages = {607-629},
	Title = {Boosting diffusion indices},
	Volume = {24},
	Year = {2009}}

@article{MRS15,
	Author = {Stefan Mittnik and Nikolay Robinzonov and Martin Spindler},
	Journal = {Journal of Banking and Finance},
	Pages = {1-14},
	Title = {Stock market volatility: Identifying major drivers and the nature of their impact},
	Volume = {58},
	Year = {2015}}

@article{BY03,
	Author = {Peter B{\"u}hlmann and Bin Yu},
	Journal = {Journal of the American Statistical Association},
	Number = {462},
	Pages = {324-339},
	Title = {Boosting With the L2 Loss: Regression and Classification},
	Volume = {98},
	Year = {2003}}

@article{BH07,
	Author = {Peter B{\"u}hlmann and Torsten Hothorn},
	Journal = {Statistical Science},
	Number = {4},
	Pages = {477-505},
	Title = {Boosting Algorithms: Regularization, Prediction and Model Fitting},
	Volume = {22},
	Year = {2007}}

@article{B06,
	Author = {Peter B{\"u}hlmann},
	Journal = {Annals of Statistics},
	Number = {2},
	Pages = {559-583},
	Title = {Boosting for High-Dimensional Linear Models},
	Volume = {34},
	Year = {2006}}

@article{F01,
	Author = {Jerome H. Friedman},
	Journal = {Annals of Statistics},
	Number = {5},
	Pages = {1189-1232},
	Title = {Greedy Function Approximation: A Gradient Boosting Machine},
	Volume = {29},
	Year = {2001}}

@article{BH10,
	Author = {Peter B{\"u}hlmann and Torsten Hothorn},
	Journal = {Statistics and Computing},
	Number = {2},
	Pages = {119-138},
	Title = {Twin Boosting: improved feature selection and prediction},
	Volume = {20},
	Year = {2010}}

@article{FF15,
	Author = {Eugene F. Fama and Kenneth R. French},
	Doi = {https://doi.org/10.1016/j.jfineco.2014.10.010},
	Journal = {Journal of Financial Economics},
	Number = {1},
	Pages = {1-22},
	Title = {A five-factor asset pricing model},
	Volume = {116},
	Year = {2015},
	Bdsk-Url-1 = {https://doi.org/10.1016/j.jfineco.2014.10.010}}

@article{ZY07,
	Author = {Peng Zhao and Bin Yu},
	Journal = {Journal of Machine Learning Research},
	Pages = {2701-2726},
	Title = {Stagewise Lasso},
	Volume = {8},
	Year = {2007}}

@article{MB10,
	Author = {Nicolai Meinshausen and Peter B{\"u}hlmann},
	Journal = {Journal of the Royal Statistical Society},
	Number = {4},
	Pages = {417-473},
	Title = {Stability Selection},
	Volume = {72},
	Year = {2010}}

@article{Z15,
	Author = {Junlong Zhao},
	Journal = {Communications in Statistics - Simulation and Computation},
	Number = {6},
	Pages = {1612-1640},
	Title = {General Sparse Boosting: Improving Feature Selection of L2 Boosting by Correlation-Based Penalty Family},
	Volume = {44},
	Year = {2015}}

@article{BY06,
	Author = {Peter B{\"u}hlmann and Bin Yu},
	Journal = {Journal of Machine Learning Research},
	Pages = {1001-1024},
	Title = {Sparse Boosting},
	Volume = {7},
	Year = {2006}}

@unpublished{LN96,
	Author = {Austin M. Long and Craig J. Nickels},
	Month = {February},
	Note = {The University of Texas System, working paper},
	Title = {A private investment benchmark},
	Year = {1996}}

@article{B92,
	Author = {Jeffery V. Bailey},
	Journal = {Journal of Portfolio Management},
	Number = {3},
	Pages = {9-13},
	Title = {Are manager universes acceptable performance benchmarks?},
	Volume = {18},
	Year = {1992}}

@article{ALS20,
	Author = {Andrew Ang and Jun Liu and Krista Schwarz},
	Journal = {Journal of Financial and Quantitative Analysis},
	Title = {Using Stocks or Portfolios in Tests of Factor Models},
	Volume = {55},
	Number = {3},
	Pages = {709-750},
	Year = {2020}}

@article{MS19,
	Author = {Ananth Madhavan and Aleksander Sobczyk},
	Journal = {Journal of Financial Data Science},
	Number = {1},
	Pages = {111-121},
	Title = {Fine-Tuning Private Equity Replication Using Textual Analysis},
	Volume = {1},
	Year = {2019}}

@article{PP19,
	Author = {Sidney C. Porter and Sheridan Porter},
	Journal = {Journal of Financial Data Science},
	Number = {1},
	Pages = {130-140},
	Title = {Introducing Objective Benchmark-Based Attribution in Private Equity},
	Volume = {1},
	Year = {2019}}

@article{CL15,
	Author = {Xu Cheng and Zhipeng Liao},
	Journal = {Journal of Econometrics},
	Volume = {186},
	Pages = {443-464},
	Title = {Select the valid and relevant moments: An information-based LASSO for GMM with many moments},
	Year = {2015}}

@article{LP05,
	Author = {Hannes Leeb and Benedik M. P{\"o}tscher},
	Journal = {Econometric Theory},
	Volume = {21},
	Pages = {21-59},
	Title = {Model Selection and Inference: Facts and Fiction},
	Year = {2005}}

@article{NW09,
	Author = {Whitney K. Newey and Frank Windmeijer},
	Journal = {Econometrica},
	Volume = {77},
	Number = {3},
	Pages = {687-719},
	Title = {Generalized Method of Moments with many weak moment conditions},
	Year = {2009}}

@unpublished{BS14,
	Author = {Axel Buchner and Ruediger Stucke},
	Note = {working paper (as of 2014-03-24)},
	Year = {2014},
	Title = {The systematic risk of private equity}}

@unpublished{B14,
	Author = {Axel Buchner},
	Note = {working paper (as of 2014-10-24)},
	Year = {2014},
	Title = {The alpha and beta of private equity investments}}

@unpublished{GSW19,
	Author = {Oleg Gredil and Morten Sorensen and William Waller},
	Note = {working paper (as of 2019-03-15)},
	Year = {2019},
	Title = {Evaluating Private Equity performance using Stochastic Discount Factors}}

@unpublished{BGG20,
	Author = {Gregory W. Brown and Eric Ghysels and Oleg Gredil},
	Note = {working paper (as of 2020-04-16)},
	Year = {2020},
	Title = {Nowcasting Net Asset Values: The Case of Private Equity}}

@unpublished{GGS14,
	Author = {Oleg Gredil and Barry E. Griffiths and Ruediger Stucke},
	Note = {working paper (as of 2014-02-28)},
	Year = {2014},
	Title = {Benchmarking Private Equity: The Direct Alpha Method}}

@article{K97,
	Author = {Yuichi Kitamura},
	Journal = {The Annals of Statistics},
	Volume = {25},
	Number = {5},
	Pages = {2084-2102},
	Title = {Empirical Likelihood Methods with Weakly Dependent Processes},
	Year = {1997}}

@INBOOK{K07,
	Author = {Yuichi Kitamura},
	editor = {Richard Blundell},
	title = {Advances in Economics and Econometrics},
	chapter = {7 - Empirical Likelihood Methods in Econometrics: Theory and Practice},
	volume = {3},
	Pages = {174-237},
	publisher = {Cambridge University Press},
	doi = {10.1017/CBO9780511607547.008},
	Year = {2007}}

@article{HXZ15,
	Author = {Kewei Hou and Chen Xue and Lu Zhang},
	Journal = {Review of Financial Studies},
	Volume = {28},
	Number = {3},
	Pages = {650-705},
	Title = {Digesting Anomalies: An Investment Approach},
	Year = {2015}}

@article{HXZ19,
	Author = {Kewei Hou and Chen Xue and Lu Zhang},
	Journal = {Review of Finance},
	Volume = {23},
	Number = {1},
	Pages = {1-35},
	Title = {Which factors?},
	Year = {2019}}

@article{HXZ20,
	Author = {Kewei Hou and Chen Xue and Lu Zhang},
	Journal = {Review of Finance},
	Volume = {},
	Number = {},
	Pages = {},
	Title = {An Augmented $q^5$ Model with Expected Growth},
	Year = {2020}}

@article{WW88,
	Author = {Jeffrey M. Wooldridge and Halbert White},
	Journal = {Econometric Theory},
	Volume = {4},
	Number = {2},
	Pages = {210-230},
	Title = {Some invariance principles and central limit theorems for dependent heterogeneous processes},
	Year = {1988}}

@article{JP09,
	title={Central limit theorems and uniform laws of large numbers for arrays of random fields},
	author={Jenish, Nazgul and Prucha, Ingmar R},
	journal={Journal of econometrics},
	volume={150},
	number={1},
	pages={86--98},
	year={2009},
	publisher={Elsevier}
}

@article{JP12,
	Author = {Nazgul Jenish and Ingmar R. Prucha},
	Journal = {Journal of Econometrics},
	Volume = {170},
	Number = {1},
	Pages = {178-190},
	Title = {On Spatial Processes and Aysmptotic Inference under Near-Epoch Dependence},
	Year = {2012}}

@article{C99,
	Author = {Timothy G. Conley},
	Journal = {Journal of Econometrics},
	Volume = {92},
	Number = {1},
	Pages = {1-45},
	Title = {GMM estimation with cross-sectional dependence},
	Year = {1999}}

@book{PP97,
	title={Dynamic nonlinear econometric models: Asymptotic theory},
	author={P{\"o}tscher, Benedikt M and Prucha, Ingmar R},
	year={1997},
	publisher={Springer Science \& Business Media}
}

@article{BC13,
	Author = {Alexandre Belloni and Victor Chernozhukov},
	Journal = {Bernoulli},
	Volume = {19},
	Number = {2},
	Pages = {521â€“547},
	Title = {Least squares after model selection in high-dimensional sparse models},
	Year = {2013},
	DOI = {10.3150/11-BEJ410}
	}

@article{FGX20,
	Author = {Guanhao Feng and Stefano Giglio and Dacheng Xiu},
	Journal = {Journal of Finance},
	Volume = {},
	Number = {},
	Pages = {},
	Title = {Taming the Factor Zoo: A Test of New Factors},
	DOI = {10.1111/jofi.12883},
	Year = {2020}}

@article{T11,
	Author = {Robert Tibshirani},
	Journal = {J. R. Statist. Soc. B},
	Volume = {73},
	Number = {3},
	Pages = {273â€“282},
	Title = {Regression shrinkage and selection via the lasso: a retrospective},
	DOI = {10.1111/j.1467-9868.2011.00771.x},
	Year = {2011}}

@article{T96,
	Author = {Robert Tibshirani},
	Journal = {J. R. Statist. Soc. B},
	Volume = {58},
	Number = {1},
	Pages = {267-288},
	Title = {Regression shrinkage and selection via the lasso},
	DOI = {},
	Year = {1996}}

@article{TRTW18,
	title={Uniform asymptotic inference and the bootstrap after model selection},
	author={Ryan J. Tibshirani and Alessandro Rinaldo and Rob Tibshirani and Larry Wasserman},
	journal={The Annals of Statistics},
	volume={46},
	number={3},
	pages={1255--1287},
	year={2018}
}

@article{A91,
	title={Heteroskedasticity and autocorrelation consistent covariance matrix estimation},
	author={Andrews, Donald WK},
	journal={Econometrica: Journal of the Econometric Society},
	pages={817-858},
	year={1991}
}

@article{KS11,
	title={Spatial heteroskedasticity and autocorrelation consistent estimation of covariance matrix},
	author={Kim, Min Seong and Sun, Yixiao},
	journal={Journal of Econometrics},
	volume={160},
	number={2},
	pages={349-371},
	year={2011},
	publisher={Elsevier}
}

@article{CCF19,
	title={Characteristic-Sorted Portfolios: Estimation and Inference},
	author={Matias D. Cattaneo and Richard K. Crump and Max H. Farrell},
	journal={Review of Economics and Statistics},
	year={2019},
}

@article{GM07,
	title={Econometric specification of stochastic discount factor models},
	author={Gourieroux, Christian and Monfort, Alain},
	journal={Journal of Econometrics},
	volume={136},
	number={2},
	pages={509--530},
	year={2007},
	publisher={Elsevier}
}

@article{BMP08,
	title={Econometric asset pricing modelling},
	author={Bertholon, Henri and Monfort, Alain and Pegoraro, Fulvio},
	journal={Journal of Financial Econometrics},
	volume={6},
	number={4},
	pages={407--458},
	year={2008},
	publisher={Oxford University Press}
}

@article{FF20,
	title={Comparing cross-section and time-series factor models},
	author={Fama, Eugene F and French, Kenneth R},
	journal={The Review of Financial Studies},
	volume={33},
	number={5},
	pages={1891--1926},
	year={2020},
	publisher={Oxford University Press}
}

@article{C11,
	title={Presidential address: Discount rates},
	author={Cochrane, John H},
	journal={The Journal of Finance},
	volume={66},
	number={4},
	pages={1047--1108},
	year={2011},
	publisher={Wiley Online Library}
}

@article{JNPR19,
	title={Empirical tests of asset pricing models with individual assets: Resolving the errors-in-variables bias in risk premium estimation},
	author={Jegadeesh, Narasimhan and Noh, Joonki and Pukthuanthong, Kuntara and Roll, Richard and Wang, Junbo},
	journal={Journal of Financial Economics},
	volume={133},
	number={2},
	pages={273--298},
	year={2019},
	publisher={Elsevier}
}

@article{PRS19,
	title={A protocol for factor identification},
	author={Pukthuanthong, Kuntara and Roll, Richard and Subrahmanyam, Avanidhar},
	journal={The Review of Financial Studies},
	volume={32},
	number={4},
	pages={1573--1607},
	year={2019},
	publisher={Oxford University Press}
}

@article{HR87,
	title={The role of conditioning information in deducing testable restrictions implied by dynamic asset pricing models},
	author={Hansen, Lars Peter and Richard, Scott F},
	journal={Econometrica},
	pages={587--613},
	year={1987},
	publisher={JSTOR}
}

@article{RRZ20,
	title={Testing beta-pricing models using large cross-sections},
	author={Raponi, Valentina and Robotti, Cesare and Zaffaroni, Paolo},
	journal={The Review of Financial Studies},
	volume={33},
	number={6},
	pages={2796--2842},
	year={2020},
	publisher={Oxford University Press}
}

@article{HJK14,
	title={Private equity performance: What do we know?},
	author={Harris, Robert S and Jenkinson, Tim and Kaplan, Steven N},
	journal={The Journal of Finance},
	volume={69},
	number={5},
	pages={1851--1882},
	year={2014},
	publisher={Wiley Online Library}
}

@article{B16,
	title={Dealing with non-normality when estimating abnormal returns and systematic risk of private equity: A closed-form solution},
	author={Buchner, Axel},
	journal={Journal of International Financial Markets, Institutions and Money},
	volume={45},
	pages={60--78},
	year={2016},
	publisher={Elsevier}
}

@book{MY10,
	title={Venture capital and the finance of innovation},
	author={Metrick, Andrew and Yasuda, Ayako},
	year={2010},
	publisher={John Wiley and Sons}
	edition={2}
}
