%% This BibTeX bibliography file was created using BibDesk.
%% http://bibdesk.sourceforge.net/

%% Created for Christian Tausch at 2019-04-12 11:53:10 +0200 


%% Saved with string encoding Unicode (UTF-8) 


@comment{jabref-meta: databaseType:bibtex;}

@article{GN18,
	Author = {Arpit Gupta and Stijn Van Nieuwerburgh},
	Title = {Valuing Private Equity Investments Strip by Strip},
	Journal = {Journal of Finance},
	URL = {https://doi.org/10.1111/jofi.13073},
	Year = {2021}}

@incollection{FS91,
	Author = {Hans F{\"o}llmer and Martin Schweizer},
	Booktitle = {Applied Stochastic Analysis},
	Date-Added = {2018-12-14 12:22:27 +0000},
	Date-Modified = {2018-12-14 12:23:51 +0000},
	Editor = {M. H. A. Davis and R. J. Elliott},
	Pages = {389-414},
	Publisher = {Gordon and Breach},
	Series = {Stochastics Monographs},
	Title = {Hedging of Contingent Claims under Incomplete Information},
	Volume = {5},
	Year = {1991}}

@incollection{S01,
	Author = {Martin Schweizer},
	Booktitle = {Option Pricing, Interest Rates and Risk Management},
	Chapter = {15},
	Date-Added = {2018-12-14 12:03:57 +0000},
	Date-Modified = {2018-12-14 12:06:09 +0000},
	Editor = {Elyes Jouini and Jaksa Cvitanic and Marek Musiela},
	Pages = {538-574},
	Publisher = {Cambridge University Press},
	Title = {A Guided Tour through Quadratic Hedging Approaches},
	Year = {2001}}

@incollection{S08,
	Author = {Martin Schweizer},
	Booktitle = {Advances in mathematics of finance},
	Date-Added = {2018-12-14 11:57:16 +0000},
	Date-Modified = {2018-12-14 12:01:55 +0000},
	Editor = {Lukasz Stettner},
	Pages = {213-229},
	Publisher = {Polish Academy of Sciences},
	Series = {Banach Center Publications},
	Title = {Local risk-minimization for multidimensional assets and payment streams},
	Volume = {83},
	Year = {2008}}

@incollection{FS86,
	Author = {Hans F{\"o}llmer and Dieter Sondermann},
	Booktitle = {Contributions to mathematical economics},
	Chapter = {12},
	Date-Added = {2018-12-14 11:42:22 +0000},
	Date-Modified = {2018-12-14 17:26:16 +0000},
	Editor = {Werner Hildenbrand and Andreu Mas-Colell},
	Pages = {205-223},
	Publisher = {North-Holland},
	Title = {Hedging of non-redundant contingent claims},
	Year = {1986}}

@article{BP03,
	Author = {Hans B{\"u}hlmann and Eckhard Platen},
	Journal = {Astin Bulletin},
	Number = {2},
	Pages = {153-172},
	Title = {A discrete time benchmark approach for insurance and finance},
	Volume = {33},
	Year = {2003}}

@article{PR12,
	Author = {Eckhard Platen and Renata Rendek},
	Journal = {Journal of Asset Management},
	Number = {1},
	Pages = {34-50},
	Title = {Approximating the numeraire portfolio by naive diversification},
	Volume = {13},
	Year = {2012}}

@article{D01,
	Author = {Dirk Becherer},
	Journal = {Finance and Stochastics},
	Pages = {327-341},
	Title = {The numeraire portfolio for unbounded semimartingales},
	Volume = {5},
	Year = {2001}}

@article{L90,
	Author = {John B. Long},
	Journal = {Journal of Financial Economics},
	Pages = {29-69},
	Title = {The numeraire portfolio},
	Volume = {26},
	Year = {1990}}

@article{P06,
	Author = {Eckhard Platen},
	Journal = {Mathematical Finance},
	Number = {1},
	Pages = {131-151},
	Title = {A benchmark approach to finance},
	Volume = {16},
	Year = {2006}}

@incollection{P11,
	Author = {Eckhard Platen},
	Title = {A benchmark approach to investing and pricing},
	Booktitle = {The Kelly capital growth investment criterion: Theory and practice},
	Publisher = {World Scientific},
	Year = {2011}}

@article{KN16,
	Author = {Arthur Korteweg and Stefan Nagel},
	Journal = {Journal of Finance},
	Number = {3},
	Pages = {1437-1470},
	Title = {Risk-adjusting the returns to venture capital},
	Volume = {71},
	Year = {2016}}

@article{SJ15,
	Author = {Morten Sorensen and Ravi Jagannathan},
	Journal = {Financial Analysts Journal},
	Number = {4},
	Pages = {43-50},
	Title = {The public market equivalent and private equity performance},
	Volume = {71},
	Year = {2015}}

@article{DLP12,
	Author = {Joost Driessen and Tse-Chun Lin and Ludovic Phalippou},
	Journal = {Journal of Financial and Quantitative Analysis},
	Number = {3},
	Pages = {511-535},
	Title = {A new method to estimate risk and return of nontraded assets from cash flows: the case of private equity},
	Volume = {47},
	Year = {2012}}

@article{ACGP18,
	Author = {Andrew Ang and Bingxu Chen and William N. Goetzmann and Ludovic Phalippou},
	Journal = {Journal of Finance},
	Number = {4},
	Pages = {1751-1783},
	Title = {Estimating Private Equity Returns from Limited Partner Cash Flows},
	Volume = {73},
	Year = {2018}}

@article{R76,
	Author = {Mark Rubinstein},
	Journal = {Journal of Finance},
	Number = {2},
	Pages = {551-571},
	Title = {The Strong Case for the Generalized Logarithmic Utility Model as the Premier Model of Financial Markets},
	Volume = {31},
	Year = {1976}}

@article{KS05,
	Author = {Steven Kaplan and Antoinette Schoar},
	Journal = {Journal of Finance},
	Number = {4},
	Pages = {1791-1823},
	Title = {Private equity performance: Returns, persistence, and capital flows},
	Volume = {60},
	Year = {2005}}

@article{SWY14,
	Author = {Morten Sorensen and Neng Wang and Jinqiang Yang},
	Journal = {Review of Financial Studies},
	Number = {7},
	Pages = {1977-2021},
	Title = {Valuing private equity},
	Volume = {27},
	Year = {2014}}

@article{B16a,
	Author = {Axel Buchner},
	Journal = {Journal of International Financial Markets, Institutions and Money},
	Pages = {60-78},
	Title = {Dealing with non-normality when estimating abnormal returns and systematic risk of private equity: A closed-form solution},
	Volume = {45},
	Year = {2016}}

@article{FFJT02,
	Author = {Herber Farnsworth and Wayne Ferson and David Jackson and Steven Todd},
	Journal = {Journal of Business},
	Number = {3},
	Pages = {473-503},
	Title = {Performance evaluation with stochastic discount factors},
	Volume = {75},
	Year = {2002}}

@article{LXZ16,
	Author = {Haitao Li and Yuewu Xu and Xiaoyan Zhang},
	Journal = {Journal of Financial and Quantitative Analysis},
	Number = {1},
	Pages = {231-257},
	Title = {Hedge funds performance evaluation under the stochastic discount factor framework},
	Volume = {51},
	Year = {2016}}

@article{GZ14,
	Author = {Jonas Gusset and Heinz Zimmermann},
	Journal = {Financial Markets and Portfolio Management},
	Number = {4},
	Pages = {307-336},
	Title = {Why not use SDF rather than beta models in performance measurement?},
	Volume = {28},
	Year = {2014}}

@article{CCC14,
	Author = {Claudia Ceci and Katia Colaneri and Alessandra Cretarola},
	Journal = {Insurance: Mathematics and Economics},
	Pages = {129-146},
	Title = {A benchmark approach to risk-minimization under partial information},
	Volume = {55},
	Year = {2014}}

@article{DP16,
	Author = {Ke Du and Eckhard Platen},
	Journal = {Mathematical Finance},
	Number = {3},
	Pages = {617-637},
	Title = {Benchmarked Risk Minimization},
	Volume = {26},
	Year = {2016}}

@article{BCP14,
	Author = {Francesca Biagini and Alessandra Cretarola and Eckhard Platen},
	Journal = {Mathematics and Financial Economics},
	Number = {2},
	Pages = {109--134},
	Title = {Local risk-minimization under the benchmark approach},
	Volume = {8},
	Year = {2014}}

@article{P12,
	Author = {Jerome Pansera},
	Journal = {Insurance: Mathematics and Economics},
	Pages = {1-12},
	Title = {Discrete-time local risk minimization of payment processes and applications to equity-linked life-insurance contracts},
	Volume = {50},
	Year = {2012}}


@article{S94,
	Author = {Manfred Sch{\"a}l},
	Journal = {Mathematics of operations research},
	Number = {1},
	Pages = {121-131},
	Publisher = {INFORMS},
	Title = {On quadratic cost criteria for option hedging},
	Volume = {19},
	Year = {1994}}

@article{GM17,
	Author = {Anna Glazyrina and Alexander Melnikov},
	Journal = {Risk and Decision Analysis},
	Number = {2},
	Pages = {167-175},
	Title = {Quadratic hedging of equity-linked life insurance contracts under the real-world measure in discrete time},
	Volume = {6},
	Year = {2017}}

@article{M01,
	Author = {Thomas Moller},
	Journal = {Finance and Stochastics},
	Number = {4},
	Pages = {419-446},
	Title = {Risk-minimizing hedging strategies for insurance payment processes},
	Volume = {5},
	Year = {2001}}

@article{BN09,
	Author = {Jushan Bai and Serena Ng},
	Journal = {Journal of Applied Econometrics},
	Number = {4},
	Pages = {607-629},
	Title = {Boosting diffusion indices},
	Volume = {24},
	Year = {2009}}

@article{MRS15,
	Author = {Stefan Mittnik and Nikolay Robinzonov and Martin Spindler},
	Journal = {Journal of Banking and Finance},
	Pages = {1-14},
	Title = {Stock market volatility: Identifying major drivers and the nature of their impact},
	Volume = {58},
	Year = {2015}}

@article{BY03,
	Author = {Peter B{\"u}hlmann and Bin Yu},
	Journal = {Journal of the American Statistical Association},
	Number = {462},
	Pages = {324-339},
	Title = {Boosting With the L2 Loss: Regression and Classification},
	Volume = {98},
	Year = {2003}}

@article{BH07,
	Author = {Peter B{\"u}hlmann and Torsten Hothorn},
	Journal = {Statistical Science},
	Number = {4},
	Pages = {477-505},
	Title = {Boosting Algorithms: Regularization, Prediction and Model Fitting},
	Volume = {22},
	Year = {2007}}

@article{B06,
	Author = {Peter B{\"u}hlmann},
	Journal = {Annals of Statistics},
	Number = {2},
	Pages = {559-583},
	Title = {Boosting for High-Dimensional Linear Models},
	Volume = {34},
	Year = {2006}}

@article{F01,
	Author = {Jerome H. Friedman},
	Journal = {Annals of Statistics},
	Number = {5},
	Pages = {1189-1232},
	Title = {Greedy Function Approximation: A Gradient Boosting Machine},
	Volume = {29},
	Year = {2001}}

@article{BH10,
	Author = {Peter B{\"u}hlmann and Torsten Hothorn},
	Journal = {Statistics and Computing},
	Number = {2},
	Pages = {119-138},
	Title = {Twin Boosting: improved feature selection and prediction},
	Volume = {20},
	Year = {2010}}

@article{FF15,
	Author = {Eugene F. Fama and Kenneth R. French},
	Doi = {https://doi.org/10.1016/j.jfineco.2014.10.010},
	Journal = {Journal of Financial Economics},
	Number = {1},
	Pages = {1-22},
	Title = {A five-factor asset pricing model},
	Volume = {116},
	Year = {2015},
	Bdsk-Url-1 = {https://doi.org/10.1016/j.jfineco.2014.10.010}}

@article{ZY07,
	Author = {Peng Zhao and Bin Yu},
	Journal = {Journal of Machine Learning Research},
	Pages = {2701-2726},
	Title = {Stagewise Lasso},
	Volume = {8},
	Year = {2007}}

@article{MB10,
	Author = {Nicolai Meinshausen and Peter B{\"u}hlmann},
	Journal = {Journal of the Royal Statistical Society},
	Number = {4},
	Pages = {417-473},
	Title = {Stability Selection},
	Volume = {72},
	Year = {2010}}

@article{Z15,
	Author = {Junlong Zhao},
	Journal = {Communications in Statistics - Simulation and Computation},
	Number = {6},
	Pages = {1612-1640},
	Title = {General Sparse Boosting: Improving Feature Selection of L2 Boosting by Correlation-Based Penalty Family},
	Volume = {44},
	Year = {2015}}

@article{BY06,
	Author = {Peter B{\"u}hlmann and Bin Yu},
	Journal = {Journal of Machine Learning Research},
	Pages = {1001-1024},
	Title = {Sparse Boosting},
	Volume = {7},
	Year = {2006}}

@unpublished{LN96,
	Author = {Austin M. Long and Craig J. Nickels},
	Month = {February},
	Note = {The University of Texas System},
	Title = {A private investment benchmark},
	Year = {1996}}

@article{B92,
	Author = {Jeffery V. Bailey},
	Journal = {Journal of Portfolio Management},
	Number = {3},
	Pages = {9-13},
	Title = {Are manager universes acceptable performance benchmarks?},
	Volume = {18},
	Year = {1992}}

@article{ALS19,
	Author = {Andrew Ang and Jun Liu and Krista Schwarz},
	Journal = {Journal of Financial and Quantitative Analysis},
	Title = {Using Stocks or Portfolios in Tests of Factor Models},
	Year = {2019}}

@article{MS19,
	Author = {Ananth Madhavan and Aleksander Sobczyk},
	Journal = {Journal of Financial Data Science},
	Number = {1},
	Pages = {111-121},
	Title = {Fine-Tuning Private Equity Replication Using Textual Analysis},
	Volume = {1},
	Year = {2019}}

@article{PP19,
	Author = {Sidney C. Porter and Sheridan Porter},
	Journal = {Journal of Financial Data Science},
	Number = {1},
	Pages = {130-140},
	Title = {Introducing Objective Benchmark-Based Attribution in Private Equity},
	Volume = {1},
	Year = {2019}}

@article{SJ15,
	Author = {Morten Sorensen and Ravi Jagannathan},
	Journal = {Financial Analysts Journal},
	Number = {4},
	Pages = {43-50},
	Title = {The public market equivalent and private equity performance},
	Volume = {71},
	Year = {2015}}
	
@article{BMP08,
  title={Econometric asset pricing modelling},
  author={Bertholon, Henri and Monfort, Alain and Pegoraro, Fulvio},
  journal={Journal of Financial Econometrics},
  volume={6},
  number={4},
  pages={407--458},
  year={2008},
  publisher={Oxford University Press}
}

@article{HR87,
  title={The role of conditioning information in deducing testable restrictions implied by dynamic asset pricing models},
  author={Hansen, Lars Peter and Richard, Scott F},
  journal={Econometrica},
  pages={587--613},
  year={1987},
  publisher={JSTOR}
}

@article{BDES98,
  title={On Esscher transforms in discrete finance models},
  author={B{\"u}hlmann, Hans and Delbaen, Freddy and Embrechts, Paul and Shiryaev, Albert N},
  journal={ASTIN Bulletin: The Journal of the IAA},
  volume={28},
  number={2},
  pages={171--186},
  year={1998},
  publisher={Cambridge University Press}
}

@article{M15,
  title={Model averaging in economics: An overview},
  author={Moral-Benito, Enrique},
  journal={Journal of Economic Surveys},
  volume={29},
  number={1},
  pages={46--75},
  year={2015},
  publisher={Wiley Online Library}
}

@article{HL10,
  title={To combine forecasts or to combine information?},
  author={Huang, Huiyu and Lee, Tae-Hwy},
  journal={Econometric Reviews},
  volume={29},
  number={5-6},
  pages={534--570},
  year={2010},
  publisher={Taylor \& Francis}
}

@article{RSZ10,
  title={Out-of-sample equity premium prediction: Combination forecasts and links to the real economy},
  author={Rapach, David E and Strauss, Jack K and Zhou, Guofu},
  journal={The Review of Financial Studies},
  volume={23},
  number={2},
  pages={821--862},
  year={2010},
  publisher={Oxford University Press}
}

@article{DG13,
  title={Improving asset price prediction when all models are false},
  author={Durham, Garland and Geweke, John},
  journal={Journal of Financial Econometrics},
  volume={12},
  number={2},
  pages={278--306},
  year={2013},
  publisher={Oxford University Press}
}

@article{CMVW16,
  title={The forecast combination puzzle: A simple theoretical explanation},
  author={Claeskens, Gerda and Magnus, Jan R and Vasnev, Andrey L and Wang, Wendun},
  journal={International Journal of Forecasting},
  volume={32},
  number={3},
  pages={754--762},
  year={2016},
  publisher={Elsevier}
}

@article{SW09,
  title={A simple explanation of the forecast combination puzzle},
  author={Smith, Jeremy and Wallis, Kenneth F},
  journal={Oxford Bulletin of Economics and Statistics},
  volume={71},
  number={3},
  pages={331--355},
  year={2009},
  publisher={Wiley Online Library}
}

@article{H14,
  title={Model averaging, asymptotic risk, and regressor groups},
  author={Hansen, Bruce E},
  journal={Quantitative Economics},
  volume={5},
  number={3},
  pages={495--530},
  year={2014},
  publisher={Wiley Online Library}
}

@incollection{B12,
  title={Bagging, boosting and ensemble methods},
  author={B{\"u}hlmann, Peter},
  booktitle={Handbook of computational statistics},
  pages={985--1022},
  year={2012},
  publisher={Springer}
}

@article{ZH05,
  title={Regularization and variable selection via the elastic net},
  author={Zou, Hui and Hastie, Trevor},
  journal={Journal of the royal statistical society: series B (statistical methodology)},
  volume={67},
  number={2},
  pages={301--320},
  year={2005},
  publisher={Wiley Online Library}
}

@article{PG09,
  title={The performance of private equity funds},
  author={Phalippou, Ludovic and Gottschalg, Oliver},
  journal={The Review of Financial Studies},
  volume={22},
  number={4},
  pages={1747--1776},
  year={2009},
  publisher={Oxford University Press}
}

@article{GGS14,
  title={Benchmarking private equity: The direct alpha method},
  author={Gredil, Oleg and Griffiths, Barry E and Stucke, R{\"u}diger},
  journal={Available at SSRN 2403521},
  year={2014}
}

@article{HL19,
  title={A census of the factor zoo},
  author={Harvey, Campbell R and Liu, Yan},
  journal={Available at SSRN 3341728},
  year={2019}
}

@article{BLP19,
	title={Valid confidence intervals for post-model-selection predictors},
	author={Bachoc, Fran{\c{c}}ois and Leeb, Hannes and P{\"o}tscher, Benedikt M},
	journal={The Annals of Statistics},
	volume={47},
	number={3},
	pages={1475--1504},
	year={2019},
	publisher={Institute of Mathematical Statistics}
}

@article{W00,
	title={A reality check for data snooping},
	author={White, Halbert},
	journal={Econometrica},
	volume={68},
	number={5},
	pages={1097--1126},
	year={2000},
	publisher={Wiley Online Library}
}

@article{MP20,
	title={Thirty years after Jensen’s prediction: Is private equity a superior form of ownership?},
	author={Morris, Peter and Phalippou, Ludovic},
	journal={Oxford Review of Economic Policy},
	volume={36},
	number={2},
	pages={291--313},
	year={2020},
	publisher={Oxford University Press UK}
}

@article{KN20,
	title={New methods for the cross-section of returns},
	author={Karolyi, G Andrew and Van Nieuwerburgh, Stijn},
	journal={The Review of Financial Studies},
	volume={33},
	number={5},
	pages={1879--1890},
	year={2020},
	publisher={Oxford University Press}
}

@article{GKX20,
	title={Empirical asset pricing via machine learning},
	author={Gu, Shihao and Kelly, Bryan and Xiu, Dacheng},
	journal={The Review of Financial Studies},
	volume={33},
	number={5},
	pages={2223--2273},
	year={2020},
	publisher={Oxford University Press}
}

@article{DMNU20,
	title={A transaction-cost perspective on the multitude of firm characteristics},
	author={DeMiguel, Victor and Martin-Utrera, Alberto and Nogales, Francisco J and Uppal, Raman},
	journal={The Review of Financial Studies},
	volume={33},
	number={5},
	pages={2180--2222},
	year={2020},
	publisher={Oxford University Press}
}

@article{FF20,
	title={Comparing cross-section and time-series factor models},
	author={Fama, Eugene F and French, Kenneth R},
	journal={The Review of Financial Studies},
	volume={33},
	number={5},
	pages={1891--1926},
	year={2020},
	publisher={Oxford University Press}
}

@article{C11,
	title={Presidential address: Discount rates},
	author={Cochrane, John H},
	journal={The Journal of finance},
	volume={66},
	number={4},
	pages={1047--1108},
	year={2011},
	publisher={Wiley Online Library}
}

@article{V02,
	title={What drives firm-level stock returns?},
	author={Vuolteenaho, Tuomo},
	journal={The Journal of Finance},
	volume={57},
	number={1},
	pages={233--264},
	year={2002},
	publisher={Wiley Online Library}
}

@article{CPV03,
	title={The value spread},
	author={Cohen, Randolph B and Polk, Christopher and Vuolteenaho, Tuomo},
	journal={The Journal of Finance},
	volume={58},
	number={2},
	pages={609--641},
	year={2003},
	publisher={Wiley Online Library}
}

@techreport{H08b,
	title={Modeling the long run: Valuation in dynamic stochastic economies},
	author={Hansen, Lars Peter},
	year={2008},
	institution={National Bureau of Economic Research}
}

@article{HHL08,
	title={Consumption strikes back? Measuring long-run risk},
	author={Hansen, Lars Peter and Heaton, John C and Li, Nan},
	journal={Journal of Political economy},
	volume={116},
	number={2},
	pages={260--302},
	year={2008},
	publisher={The University of Chicago Press}
}

@article{CV04,
	title={Bad beta, good beta},
	author={Campbell, John Y and Vuolteenaho, Tuomo},
	journal={American Economic Review},
	volume={94},
	number={5},
	pages={1249--1275},
	year={2004}
}

@article{CDZ13,
	title={What drives stock price movements?},
	author={Chen, Long and Da, Zhi and Zhao, Xinlei},
	journal={The Review of Financial Studies},
	volume={26},
	number={4},
	pages={841--876},
	year={2013},
	publisher={Oxford University Press}
}

@article{BBK12,
	title={On the timing and pricing of dividends},
	author={Van Binsbergen, Jules and Brandt, Michael and Koijen, Ralph},
	journal={American Economic Review},
	volume={102},
	number={4},
	pages={1596--1618},
	year={2012}
}

@techreport{GN19,
	title={Valuing private equity investments strip by strip},
	author={Gupta, Arpit and Van Nieuwerburgh, Stijn},
	year={2019},
	institution={New York University Working Paper}
}

@book{F19,
	author    = {Wayne Ferson}, 
	title     = {Empirical Asset Pricing: Models and Methods},
	publisher = {MIT Press},
	year      = 2019,
	edition   = 1
}

@article{S20,
	title={Replicating private equity with value investing, homemade leverage, and hold-to-maturity accounting},
	author={Stafford, Erik},
	journal={Working Paper (September, 2020)},
	year={2020}
}

@article{LSSL16,
	title={A bottom-up approach to the risk-adjusted performance of the buyout fund market},
	author={L’Her, Jean-Fran{\c{c}}ois and Stoyanova, Rossitsa and Shaw, Kathryn and Scott, William and Lai, Charissa},
	journal={Financial Analysts Journal},
	volume={72},
	number={4},
	pages={36--48},
	year={2016},
	publisher={Taylor \& Francis}
}

@article{P14,
	title={Performance of buyout funds revisited?},
	author={Phalippou, Ludovic},
	journal={Review of Finance},
	volume={18},
	number={1},
	pages={189--218},
	year={2014},
	publisher={Oxford University Press}
}

@incollection{W14,
	title={Factor Selection in Dynamic Hedge Fund Replication Models: A Bayesian Approach},
	author={Weisang, Guillaume},
	booktitle={Bayesian Model Comparison},
	year={2014},
	publisher={Emerald Group Publishing Limited}
}

@article{TV08,
	title={Alternative beta applied—an introduction to hedge fund replication},
	author={Tancar, Roman and Viebig, Jan},
	journal={Financial markets and portfolio management},
	volume={22},
	number={3},
	pages={259},
	year={2008},
	publisher={Springer}
}

@article{OST17,
	title={Hedge fund replication: A model combination approach},
	author={O'Doherty, Michael S and Savin, N Eugene and Tiwari, Ashish},
	journal={Review of Finance},
	volume={21},
	number={4},
	pages={1767--1804},
	year={2017},
	publisher={Oxford University Press}
}

@article{FGX20,
	title={Taming the factor zoo: A test of new factors},
	author={Feng, Guanhao and Giglio, Stefano and Xiu, Dacheng},
	journal={The Journal of Finance},
	volume={75},
	number={3},
	pages={1327--1370},
	year={2020},
	publisher={Wiley Online Library}
}

@unpublished{T20,
	Author = {Christian Tausch},
	Date-Added = {2020-07-04},
	Note = {unpublished working paper},
	Year = {2020},
	Title = {A spatial stochastic discount factor estimator for private equity funds}}

@article{BP97,
  title={The numeraire portfolio: A new perspective on financial theory},
  author={Bajeux-Besnainou, Isabelle and Portait, Roland},
  journal={The European Journal of Finance},
  volume={3},
  number={4},
  pages={291--309},
  year={1997},
  publisher={Taylor \& Francis}
}

@article{BP03,
  title={A discrete time benchmark approach for insurance and finance},
  author={B{\"u}hlmann, Hans and Platen, Eckhard},
  journal={ASTIN Bulletin: The Journal of the IAA},
  volume={33},
  number={2},
  pages={153--172},
  year={2003},
  publisher={Cambridge University Press}
}

@incollection{C12,
  title={On the history of the growth-optimal portfolio},
  author={Christensen, Morten Mosegaard},
  booktitle={Machine Learning for Financial Engineering},
  pages={1--79},
  year={2012},
  publisher={World Scientific}
}

@article{HS10,
  title={M6-on minimal market models and minimal martingale measures. In eds. C. Chiarella and A. Novikov, Contemporary Quantitative Finance: Essays in Honour of Eckhard Platen},
  author={Hulley, H and Schweizer, M},
  year={2010},
  publisher={Springer, Berlin-Heidelberg}
}

@article{LP06,
  title={Approximating the growth optimal portfolio with a diversified world stock index},
  author={Le, Truc and Platen, Eckhard},
  journal={The Journal of Risk Finance},
  year={2006},
  publisher={Emerald Group Publishing Limited}
}

@article{M17,
  title={What is the Expected Return on the Market?},
  author={Martin, Ian},
  journal={The Quarterly Journal of Economics},
  volume={132},
  number={1},
  pages={367--433},
  year={2017},
  publisher={Oxford University Press}
}

@article{MW19,
  title={What is the Expected Return on a Stock?},
  author={Martin, Ian WR and Wagner, Christian},
  journal={The Journal of Finance},
  volume={74},
  number={4},
  pages={1887--1929},
  year={2019},
  publisher={Wiley Online Library}
}

@article{P05,
  title={On the role of the growth optimal portfolio in finance},
  author={Platen, Eckhard},
  journal={Australian Economic Papers},
  volume={44},
  number={4},
  pages={365--388},
  year={2005},
  publisher={Wiley Online Library}
}

@article{PR12,
  title={Approximating the num{\'e}raire portfolio by naive diversification},
  author={Platen, Eckhard and Rendek, Renata},
  journal={Journal of Asset Management},
  volume={13},
  number={1},
  pages={34--50},
  year={2012},
  publisher={Springer}
}

@article{PR08,
  title={Empirical evidence on Student-t log-returns of diversified world stock indices},
  author={Platen, Eckhard and Rendek, Renata},
  journal={Journal of statistical theory and practice},
  volume={2},
  number={2},
  pages={233--251},
  year={2008},
  publisher={Taylor \& Francis}
}

@article{P05b,
	title={Diversified portfolios with jumps in a benchmark framework},
	author={Platen, Eckhard},
	journal={Asia-Pacific Financial Markets},
	volume={11},
	number={1},
	pages={1--22},
	year={2005},
	publisher={Springer}
}

@unpublished{L08,
	Author = {Austin Long},
	Date-Added = {January 2008},
	Note = {unpublished working paper},
	Year = {2008},
	Title = {The Common Mathematical Foundation of ACG's ICM and AICM and the K\&S PME}
}

@article{GLP98,
	title={Mean-variance hedging and num{\'e}raire},
	author={Gourieroux, Christian and Laurent, Jean Paul and Pham, Huy{\^e}n},
	journal={Mathematical finance},
	volume={8},
	number={3},
	pages={179--200},
	year={1998},
	publisher={Wiley Online Library}
}

@article{MS95,
	title={Follmer-Schweizer decomposition and mean-variance hedging for general claims},
	author={Monat, Pascale and Stricker, Christophe},
	journal={The Annals of Probability},
	volume={23},
	number={2},
	pages={605--628},
	year={1995},
	publisher={Institute of Mathematical Statistics}
}

@article{S95,
	title={Variance-optimal hedging in discrete time},
	author={Schweizer, Martin},
	journal={Mathematics of Operations Research},
	volume={20},
	number={1},
	pages={1--32},
	year={1995},
	publisher={INFORMS}
}

@article{R03,
	title={Private equity benchmarking with PME+},
	author={Rouvinez, Christophe},
	journal={Venture Capital Journal},
	volume={43},
	number={8},
	pages={34--39},
	year={2003}
}

@incollection{S10,
	Author = {Martin Schweizer},
	Booktitle = {Encyclopedia of Quantitative Finance},
	Editor = {Rama Cont},
	Pages = {1490-1494},
	Publisher = {Wiley},
	Title = {Mean Variance Hedging},
	Year = {2010}}


@incollection{KS09,
	Author = {Ralf Korn and Manfred Sch{\"a}l},
	Booktitle = {Advanced Financial Modelling},
	Editor = {Hansjörg Albrecher and Wolfgang J. Runggaldier and Walter Schachermayer},
	Pages = {303-326},
	Publisher = {Walter de Gruyter},
	Title = {The numeraire portfolio in discrete time: existence, related concepts and applications},
	Year = {2009}}

@article{S07,
	title={Incomplete markets},
	author={Staum, Jeremy},
	journal={Handbooks in operations research and management science},
	volume={15},
	pages={511--563},
	year={2007},
	publisher={Elsevier}
}

@article{HPS01,
	title={A comparison of two quadratic approaches to hedging in incomplete markets},
	author={Heath, David and Platen, Eckhard and Schweizer, Martin},
	journal={Mathematical finance},
	volume={11},
	number={4},
	pages={385--413},
	year={2001},
	publisher={Wiley Online Library}
}

@article{NW14,
	title={Mathematical analysis of different approaches for replicating portfolios},
	author={Natolski, Jan and Werner, Ralf},
	journal={European Actuarial Journal},
	volume={4},
	number={2},
	pages={411--435},
	year={2014},
	publisher={Springer}
}

@article{BP99,
	title={Local risk minimization and num{\'e}raire},
	author={Biagini, Francesca and Pratelli, Maurizzio},
	journal={Journal of Applied Probability},
	pages={1126--1139},
	year={1999},
	publisher={JSTOR}
}

@article{GM17,
	title={Quadratic hedging of equity-linked life insurance contracts under the real-world measure in discrete time},
	author={Anna Glazyrina and Alexander Melnikov},
	journal={Risk and Decision Analysis},
	volume={6},
	pages={167--175},
	year={2017},
}

@book{BG11,
	title={Statistics for high-dimensional data: methods, theory and applications},
	author={B{\"u}hlmann, Peter and Van De Geer, Sara},
	year={2011},
	publisher={Springer Science \& Business Media}
}

@article{AD54,
	title={Existence of an equilibrium for a competitive economy},
	author={Arrow, Kenneth J and Debreu, Gerard},
	journal={Econometrica: Journal of the Econometric Society},
	pages={265--290},
	year={1954},
	publisher={JSTOR}
}

@book{C08,
	title={Indifference pricing: theory and applications},
	author={Carmona, Ren{\'e}},
	year={2008},
	publisher={Princeton University Press}
}

@article{CS00,
	title={Beyond arbitrage: Good-deal asset price bounds in incomplete markets},
	author={Cochrane, John H and Saa-Requejo, Jesus},
	journal={Journal of Political Economy},
	volume={108},
	number={1},
	pages={79--119},
	year={2000},
	publisher={The University of Chicago Press}
}

@article{H05,
	title={Explicit solutions to an optimal portfolio choice problem with stochastic income},
	author={Henderson, Vicky},
	journal={Journal of Economic Dynamics and Control},
	volume={29},
	number={7},
	pages={1237--1266},
	year={2005},
	publisher={Elsevier}
}

@article{HL00,
	title={Portfolio choice and asset prices: The importance of entrepreneurial risk},
	author={Heaton, John and Lucas, Deborah},
	journal={The journal of finance},
	volume={55},
	number={3},
	pages={1163--1198},
	year={2000},
	publisher={Wiley Online Library}
}

@article{C06,
	title={Household finance},
	author={Campbell, John Y},
	journal={The journal of finance},
	volume={61},
	number={4},
	pages={1553--1604},
	year={2006},
	publisher={Wiley Online Library}
}

@article{CGM05,
	title={Consumption and portfolio choice over the life cycle},
	author={Cocco, Joao F and Gomes, Francisco J and Maenhout, Pascal J},
	journal={The Review of Financial Studies},
	volume={18},
	number={2},
	pages={491--533},
	year={2005},
	publisher={Oxford University Press}
}

@article{DKKS18,
	title={Eclipse of the public corporation or eclipse of the public markets?},
	author={Doidge, Craig and Kahle, Kathleen M and Karolyi, G Andrew and Stulz, Ren{\'e} M},
	journal={Journal of Applied Corporate Finance},
	volume={30},
	number={1},
	pages={8--16},
	year={2018},
	publisher={Wiley Online Library}
}

@article{J89,
	title={The eclipse of the public corporation},
	author={Michael C. Jensen},
	journal={Harvard Business Review},
	volume={September-October},
	number={},
	pages={},
	year={1989},
}

@article{KS09b,
	title={Leveraged buyouts and private equity},
	author={Kaplan, Steven N and Stromberg, Per},
	journal={Journal of economic perspectives},
	volume={23},
	number={1},
	pages={121--46},
	year={2009}
}

@article{GL01,
	title={The venture capital revolution},
	author={Gompers, Paul and Lerner, Josh},
	journal={Journal of economic perspectives},
	volume={15},
	number={2},
	pages={145--168},
	year={2001}
}

@book{MY10,
	title={Venture capital and the finance of innovation},
	author={Metrick, Andrew and Yasuda, Ayako},
	year={2010},
	publisher={John Wiley and Sons}
	edition={2}
}

@article{P17,
	title={Real Estate Returns by Strategy: Have Value-Added and Opportunistic Funds Pulled Their Weight?},
	author={Pagliari Jr, Joseph L},
	journal={Real Estate Economics},
	volume={48},
	number={1},
	pages={89--134},
	year={2017},
	publisher={Wiley Online Library}
}

@article{FS19,
	title={The risk and return of private equity real estate funds},
	author={Farrelly, Kieran and Stevenson, Simon},
	journal={Global Finance Journal},
	volume={42},
	pages={100471},
	year={2019},
	publisher={Elsevier}
}

@article{BBK10,
	title={Risk, return and cash flow characteristics of infrastructure fund investments},
	author={Bitsch, Florian and Buchner, Axel and Kaserer, Christoph},
	journal={EIB papers},
	volume={15},
	number={1},
	pages={106--136},
	year={2010}
}

@article{I10,
	title={Infrastructure as an asset class},
	author={Inderst, Georg},
	journal={EIB papers},
	volume={15},
	number={1},
	pages={70--104},
	year={2010},
	publisher={Luxembourg: European Investment Bank (EIB)}
}

@article{D79,
	title={Risk measurement when shares are subject to infrequent trading},
	author={Dimson, Elroy},
	journal={Journal of Financial Economics},
	volume={7},
	number={2},
	pages={197--226},
	year={1979},
	publisher={Elsevier}
}

@article{G91,
	title={Smoothing in appraisal-based returns},
	author={Geltner, David Michael},
	journal={The Journal of Real Estate Finance and Economics},
	volume={4},
	number={3},
	pages={327--345},
	year={1991},
	publisher={Springer}
}

@article{K15,
	title={Direct Lending Evolves into an Asset Class},
	author={Deborah Kidd},
	journal={Investment Risk and Performance},
	volume={},
	number={},
	pages={327--345},
	year={2015},
	publisher={CFA Institute}
}

@incollection{DFL19,
	Author = {Douglas Cumming and Grant Fleming and Zhangxin Liu},
	Title = {Private Debt Markets},
	Booktitle = {Debt Markets and Investments},
	Editor = {Baker, H Kent and Filbeck, Greg and Spieler, Andrew C},
	Pages = {185-200},
	Publisher = {Oxford University Press},
	Series = {Financial Markets and Investments},
	Year = {2019}}

@article{AJSW13,
	title={Borrow cheap, buy high? The determinants of leverage and pricing in buyouts},
	author={Axelson, Ulf and Jenkinson, Tim and Str{\"o}mberg, Per and Weisbach, Michael S},
	journal={The Journal of Finance},
	volume={68},
	number={6},
	pages={2223--2267},
	year={2013},
	publisher={Wiley Online Library}
}

@article{GKLS08,
	title={Venture capital investment cycles: The impact of public markets},
	author={Gompers, Paul and Kovner, Anna and Lerner, Josh and Scharfstein, David},
	journal={Journal of financial economics},
	volume={87},
	number={1},
	pages={1--23},
	year={2008},
	publisher={Elsevier}
}

@article{GHS11,
	title={Do buyouts (still) create value?},
	author={Guo, Shourun and Hotchkiss, Edith S and Song, Weihong},
	journal={The Journal of Finance},
	volume={66},
	number={2},
	pages={479--517},
	year={2011},
	publisher={Wiley Online Library}
}

@article{HJK14,
	title={Private equity performance: What do we know?},
	author={Harris, Robert S and Jenkinson, Tim and Kaplan, Steven N},
	journal={The Journal of Finance},
	volume={69},
	number={5},
	pages={1851--1882},
	year={2014},
	publisher={Wiley Online Library}
}

@article{KS10,
	title={Risk and return characteristics of venture capital-backed entrepreneurial companies},
	author={Korteweg, Arthur and Sorensen, Morten},
	journal={The Review of Financial Studies},
	volume={23},
	number={10},
	pages={3738--3772},
	year={2010},
	publisher={Oxford University Press}
}

@article{C05,
	title={The risk and return of venture capital},
	author={Cochrane, John H},
	journal={Journal of financial economics},
	volume={75},
	number={1},
	pages={3--52},
	year={2005},
	publisher={Elsevier}
}

@article{LSW07,
	title={Smart institutions, foolish choices: The limited partner performance puzzle},
	author={Lerner, Josh and Schoar, Antoinette and Wongsunwai, Wan},
	journal={The Journal of Finance},
	volume={62},
	number={2},
	pages={731--764},
	year={2007},
	publisher={Wiley Online Library}
}

@article{PG09,
	title={The performance of private equity funds},
	author={Phalippou, Ludovic and Gottschalg, Oliver},
	journal={The Review of Financial Studies},
	volume={22},
	number={4},
	pages={1747--1776},
	year={2009},
	publisher={Oxford University Press}
}

@article{RS16,
	title={Cyclicality, performance measurement, and cash flow liquidity in private equity},
	author={Robinson, David T and Sensoy, Berk A},
	journal={Journal of Financial Economics},
	volume={122},
	number={3},
	pages={521--543},
	year={2016},
	publisher={Elsevier}
}

@article{S07b,
	title={How smart is smart money? A two-sided matching model of venture capital},
	author={S{\o}rensen, Morten},
	journal={The Journal of Finance},
	volume={62},
	number={6},
	pages={2725--2762},
	year={2007},
	publisher={Wiley Online Library}
}

@article{M04,
	title={Modeling private equity funds and private equity collateralised fund obligations},
	author={de Malherbe, Etienne},
	journal={International Journal of Theoretical and Applied Finance},
	volume={7},
	number={03},
	pages={193--230},
	year={2004},
	publisher={World Scientific}
}

@article{M05,
	title={A model for the dynamics of private equity funds},
	author={de Malherbe, Etienne},
	journal={The Journal of Alternative Investments},
	volume={8},
	number={3},
	pages={81--89},
	year={2005},
	publisher={Institutional Investor Journals Umbrella}
}

@article{EJR13,
	title={The price of diversifiable risk in venture capital and private equity},
	author={Ewens, Michael and Jones, Charles M and Rhodes-Kropf, Matthew},
	journal={The Review of Financial Studies},
	volume={26},
	number={8},
	pages={1854--1889},
	year={2013},
	publisher={Oxford University Press}
}

@article{KS17,
	title={Skill and luck in private equity performance},
	author={Korteweg, Arthur and Sorensen, Morten},
	journal={Journal of Financial Economics},
	volume={124},
	number={3},
	pages={535--562},
	year={2017},
	publisher={Elsevier}
}

@article{MV02,
	title={The returns to entrepreneurial investment: A private equity premium puzzle?},
	author={Moskowitz, Tobias J and Vissing-J{\o}rgensen, Annette},
	journal={American Economic Review},
	volume={92},
	number={4},
	pages={745--778},
	year={2002}
}

@article{SWY14,
	title={Valuing private equity},
	author={Sorensen, Morten and Wang, Neng and Yang, Jinqiang},
	journal={The Review of Financial Studies},
	volume={27},
	number={7},
	pages={1977--2021},
	year={2014},
	publisher={Oxford University Press}
}

@article{B71,
	title={The structure of the cost of capital under uncertainty},
	author={Beja, Avraham},
	journal={The Review of Economic Studies},
	volume={38},
	number={3},
	pages={359--368},
	year={1971},
	publisher={JSTOR}
}

@article{HJ91,
	title={Implications of security market data for models of dynamic economies},
	author={Hansen, Lars Peter and Jagannathan, Ravi},
	journal={Journal of political economy},
	volume={99},
	number={2},
	pages={225--262},
	year={1991},
	publisher={The University of Chicago Press}
}

@article{B79,
	title={An intertemporal asset pricing model with stochastic consumption and investment opportunities},
	author={Breeden, Douglas T},
	journal={Journal of Financial Economics},
	volume={7},
	pages={265--296},
	year={1979},
}

@book{CE15,
	title={Stochastic calculus and applications},
	author={Cohen, Samuel N and Elliott, Robert James},
	volume={2},
	year={2015},
	publisher={Springer}
}

@article{BGL89,
	title={Empirical tests of the consumption-oriented CAPM},
	author={Breeden, Douglas T and Gibbons, Michael R and Litzenberger, Robert H},
	journal={The Journal of Finance},
	volume={44},
	number={2},
	pages={231--262},
	year={1989},
	publisher={Wiley Online Library}
}

@article{HKS87,
	title={Mimicking portfolios and exact arbitrage pricing},
	author={Huberman, Gur and Kandel, Shmuel and Stambaugh, Robert F},
	journal={The Journal of Finance},
	volume={42},
	number={1},
	pages={1--9},
	year={1987},
	publisher={Wiley Online Library}
}

@article{FJ96,
	title={1 Econometric evaluation of asset pricing models},
	author={Ferson, Wayne E and Jagannathan, Ravi},
	journal={Handbook of statistics},
	volume={14},
	pages={1--33},
	year={1996},
	publisher={Elsevier}
}

@article{R77,
	title={A critique of the asset pricing theory's tests Part I: On past and potential testability of the theory},
	author={Roll, Richard},
	journal={Journal of financial economics},
	volume={4},
	number={2},
	pages={129--176},
	year={1977},
	publisher={Elsevier}
}

@article{GT87,
	title={The relation between mean-variance efficiency and arbitrage pricing},
	author={Grinblatt, Mark and Titman, Sheridan},
	journal={Journal of Business},
	pages={97--112},
	year={1987},
	publisher={JSTOR}
}

@article{S64,
	title={Capital asset prices: A theory of market equilibrium under conditions of risk},
	author={Sharpe, William F},
	journal={The journal of finance},
	volume={19},
	number={3},
	pages={425--442},
	year={1964},
	publisher={Wiley Online Library}
}

@article{HMXZ21,
	title={An augmented q-factor model with expected growth},
	author={Hou, Kewei and Mo, Haitao and Xue, Chen and Zhang, Lu},
	journal={Review of Finance},
	volume={25},
	number={1},
	pages={1--41},
	year={2021},
	publisher={Oxford University Press}
}

@article{FGX20,
	title={Taming the factor zoo: A test of new factors},
	author={Feng, Guanhao and Giglio, Stefano and Xiu, Dacheng},
	journal={The Journal of Finance},
	volume={75},
	number={3},
	pages={1327--1370},
	year={2020},
	publisher={Wiley Online Library}
}

@article{HXZ20,
	title={Replicating anomalies},
	author={Hou, Kewei and Xue, Chen and Zhang, Lu},
	journal={The Review of Financial Studies},
	volume={33},
	number={5},
	pages={2019--2133},
	year={2020},
	publisher={Oxford University Press}
}

@article{BN06b,
	title={Evaluating latent and observed factors in macroeconomics and finance},
	author={Bai, Jushan and Ng, Serena},
	journal={Journal of Econometrics},
	volume={131},
	number={1-2},
	pages={507--537},
	year={2006},
	publisher={Elsevier}
}

@article{BN02,
	title={Determining the number of factors in approximate factor models},
	author={Bai, Jushan and Ng, Serena},
	journal={Econometrica},
	volume={70},
	number={1},
	pages={191--221},
	year={2002},
	publisher={Wiley Online Library}
}

@article{O10,
	title={Determining the number of factors from empirical distribution of eigenvalues},
	author={Onatski, Alexei},
	journal={The Review of Economics and Statistics},
	volume={92},
	number={4},
	pages={1004--1016},
	year={2010},
	publisher={MIT Press}
}

@article{K10,
	title={A testing procedure for determining the number of factors in approximate factor models with large datasets},
	author={Kapetanios, George},
	journal={Journal of Business \& Economic Statistics},
	volume={28},
	number={3},
	pages={397--409},
	year={2010},
	publisher={Taylor \& Francis}
}

@article{ABC10,
	title={Improved penalization for determining the number of factors in approximate factor models},
	author={Alessi, Lucia and Barigozzi, Matteo and Capasso, Marco},
	journal={Statistics \& Probability Letters},
	volume={80},
	number={23-24},
	pages={1806--1813},
	year={2010},
	publisher={Elsevier}
}

@article{NM94,
	title={Large sample estimation and hypothesis testing},
	author={Newey, Whitney K and McFadden, Daniel},
	journal={Handbook of econometrics},
	volume={4},
	pages={2111--2245},
	year={1994},
	publisher={Elsevier}
}

@article{A97,
	title={RA Fisher and the making of maximum likelihood 1912-1922},
	author={Aldrich, John and others},
	journal={Statistical science},
	volume={12},
	number={3},
	pages={162--176},
	year={1997},
	publisher={Institute of Mathematical Statistics}
}

@article{H12,
	Author = {Lars Peter Hansen},
	Journal = {Journal of Econometrics},
	Pages = {325-330},
	Title = {Proofs for large sample properties of generalized method of moments estimators},
	Volume = {170},
	Year = {2012}}

@article{H82,
	Author = {Lars Peter Hansen},
	Journal = {Econometrica},
	Pages = {1029-1054},
	Title = {Large Sample Properties of Generalized Method of Moments Estimators},
	Volume = {50},
	Number = {4},
	Year = {1982}
}

@book{PP97,
	title={Dynamic nonlinear econometric models: Asymptotic theory},
	author={P{\"o}tscher, Benedikt M and Prucha, Ingmar R},
	year={1997},
	publisher={Springer Science \& Business Media}
}


% QUADRATIC HEDGING

@unpublished{K18,
	Author = {Arthur Korteweg},
	Date-Added = {2019-04-12 09:51:15 +0000},
	Date-Modified = {2019-04-12 09:53:10 +0000},
	Note = {unpublished working paper (http://dx.doi.org/10.2139/ssrn.3293984)},
	Year = {2018},
	Title = {Risk Adjustment in Private Equity Returns}}

@unpublished{GN18,
	Author = {Arpit Gupta and Stijn Van Nieuwerburgh},
	Date-Added = {2019-01-20 13:33:51 +0000},
	Date-Modified = {2019-01-20 13:34:50 +0000},
	Month = {December 12},
	Note = {unpublished working paper (https://www.aeaweb.org/conference/2019/preliminary/paper/YsGkk6BR)},
	Title = {Valuing Private Equity Investments Strip by Strip},
	Year = {2018}}

@incollection{FS91,
	Author = {Hans F{\"o}llmer and Martin Schweizer},
	Booktitle = {Applied Stochastic Analysis},
	Date-Added = {2018-12-14 12:22:27 +0000},
	Date-Modified = {2018-12-14 12:23:51 +0000},
	Editor = {M. H. A. Davis and R. J. Elliott},
	Pages = {389-414},
	Publisher = {Gordon and Breach},
	Series = {Stochastics Monographs},
	Title = {Hedging of Contingent Claims under Incomplete Information},
	Volume = {5},
	Year = {1991}}

@incollection{S01,
	Author = {Martin Schweizer},
	Booktitle = {Option Pricing, Interest Rates and Risk Management},
	Chapter = {15},
	Date-Added = {2018-12-14 12:03:57 +0000},
	Date-Modified = {2018-12-14 12:06:09 +0000},
	Editor = {Elyes Jouini and Jaksa Cvitanic and Marek Musiela},
	Pages = {538-574},
	Publisher = {Cambridge University Press},
	Title = {A Guided Tour through Quadratic Hedging Approaches},
	Year = {2001}}

@incollection{S08,
	Author = {Martin Schweizer},
	Booktitle = {Advances in mathematics of finance},
	Date-Added = {2018-12-14 11:57:16 +0000},
	Date-Modified = {2018-12-14 12:01:55 +0000},
	Editor = {Lukasz Stettner},
	Pages = {213-229},
	Publisher = {Polish Academy of Sciences},
	Series = {Banach Center Publications},
	Title = {Local risk-minimization for multidimensional assets and payment streams},
	Volume = {83},
	Year = {2008}}

@incollection{FS86,
	Author = {Hans F{\"o}llmer and Dieter Sondermann},
	Booktitle = {Contributions to mathematical economics},
	Chapter = {12},
	Date-Added = {2018-12-14 11:42:22 +0000},
	Date-Modified = {2018-12-14 17:26:16 +0000},
	Editor = {Werner Hildenbrand and Andreu Mas-Colell},
	Pages = {205-223},
	Publisher = {North-Holland},
	Title = {Hedging of non-redundant contingent claims},
	Year = {1986}}

@article{BP03,
	Author = {Hans B{\"u}hlmann and Eckhard Platen},
	Journal = {Astin Bulletin},
	Number = {2},
	Pages = {153-172},
	Title = {A discrete time benchmark approach for insurance and finance},
	Volume = {33},
	Year = {2003}}

@article{PR12,
	Author = {Eckhard Platen and Renata Rendek},
	Journal = {Journal of Asset Management},
	Number = {1},
	Pages = {34-50},
	Title = {Approximating the numeraire portfolio by naive diversification},
	Volume = {13},
	Year = {2012}}

@article{D01,
	Author = {Dirk Becherer},
	Journal = {Finance and Stochastics},
	Pages = {327-341},
	Title = {The numeraire portfolio for unbounded semimartingales},
	Volume = {5},
	Year = {2001}}

@article{L90,
	Author = {John B. Long},
	Journal = {Journal of Financial Economics},
	Pages = {29-69},
	Title = {The numeraire portfolio},
	Volume = {26},
	Year = {1990}}

@article{P06,
	Author = {Eckhard Platen},
	Journal = {Mathematical Finance},
	Number = {1},
	Pages = {131-151},
	Title = {A benchmark approach to finance},
	Volume = {16},
	Year = {2006}}

@incollection{P11,
	Author = {Eckhard Platen},
	Booktitle = {The Kelly capital growth investment criterion: Theory and practice},
	Publisher = {World Scientific},
	Title = {A benchmark approach to investing and pricing},
	Year = {2011}}

@article{KN16,
	Author = {Arthur Korteweg and Stefan Nagel},
	Journal = {Journal of Finance},
	Number = {3},
	Pages = {1437-1470},
	Title = {Risk-adjusting the returns to venture capital},
	Volume = {71},
	Year = {2016}}

@article{SJ15,
	Author = {Morten Sorensen and Ravi Jagannathan},
	Journal = {Financial Analysts Journal},
	Number = {4},
	Pages = {43-50},
	Title = {The public market equivalent and private equity performance},
	Volume = {71},
	Year = {2015}}

@article{DLP12,
	Author = {Joost Driessen and Tse-Chun Lin and Ludovic Phalippou},
	Journal = {Journal of Financial and Quantitative Analysis},
	Number = {3},
	Pages = {511-535},
	Title = {A new method to estimate risk and return of nontraded assets from cash flows: the case of private equity},
	Volume = {47},
	Year = {2012}}

@article{ACGP18,
	Author = {Andrew Ang and Bingxu Chen and William N. Goetzmann and Ludovic Phalippou},
	Journal = {Journal of Finance},
	Number = {4},
	Pages = {1751-1783},
	Title = {Estimating Private Equity Returns from Limited Partner Cash Flows},
	Volume = {73},
	Year = {2018}}

@article{R76,
	Author = {Mark Rubinstein},
	Journal = {Journal of Finance},
	Number = {2},
	Pages = {551-571},
	Title = {The Strong Case for the Generalized Logarithmic Utility Model as the Premier Model of Financial Markets},
	Volume = {31},
	Year = {1976}}

@article{KS05,
	Author = {Steven Kaplan and Antoinette Schoar},
	Journal = {Journal of Finance},
	Number = {4},
	Pages = {1791-1823},
	Title = {Private equity performance: Returns, persistence, and capital flows},
	Volume = {60},
	Year = {2005}}

@article{SWY14,
	Author = {Morten Sorensen and Neng Wang and Jinqiang Yang},
	Journal = {Review of Financial Studies},
	Number = {7},
	Pages = {1977-2021},
	Title = {Valuing private equity},
	Volume = {27},
	Year = {2014}}

@article{FFJT02,
	Author = {Herber Farnsworth and Wayne Ferson and David Jackson and Steven Todd},
	Journal = {Journal of Business},
	Number = {3},
	Pages = {473-503},
	Title = {Performance evaluation with stochastic discount factors},
	Volume = {75},
	Year = {2002}}

@article{LXZ16,
	Author = {Haitao Li and Yuewu Xu and Xiaoyan Zhang},
	Journal = {Journal of Financial and Quantitative Analysis},
	Number = {1},
	Pages = {231-257},
	Title = {Hedge funds performance evaluation under the stochastic discount factor framework},
	Volume = {51},
	Year = {2016}}

@article{GZ14,
	Author = {Jonas Gusset and Heinz Zimmermann},
	Journal = {Financial Markets and Portfolio Management},
	Number = {4},
	Pages = {307-336},
	Title = {Why not use SDF rather than beta models in performance measurement?},
	Volume = {28},
	Year = {2014}}

@article{CCC14,
	Author = {Claudia Ceci and Katia Colaneri and Alessandra Cretarola},
	Journal = {Insurance: Mathematics and Economics},
	Pages = {129-146},
	Title = {A benchmark approach to risk-minimization under partial information},
	Volume = {55},
	Year = {2014}}

@article{DP16,
	Author = {Ke Du and Eckhard Platen},
	Journal = {Mathematical Finance},
	Number = {3},
	Pages = {617-637},
	Title = {Benchmarked Risk Minimization},
	Volume = {26},
	Year = {2016}}

@article{BCP14,
	Author = {Francesca Biagini and Alessandra Cretarola and Eckhard Platen},
	Journal = {Mathematics and Financial Economics},
	Number = {2},
	Pages = {109--134},
	Title = {Local risk-minimization under the benchmark approach},
	Volume = {8},
	Year = {2014}}

@article{P12,
	Author = {Jerome Pansera},
	Journal = {Insurance: Mathematics and Economics},
	Pages = {1-12},
	Title = {Discrete-time local risk minimization of payment processes and applications to equity-linked life-insurance contracts},
	Volume = {50},
	Year = {2012}}

@article{S94,
	Author = {Manfred Sch{\"a}l},
	Journal = {Mathematics of operations research},
	Number = {1},
	Pages = {121-131},
	Publisher = {INFORMS},
	Title = {On quadratic cost criteria for option hedging},
	Volume = {19},
	Year = {1994}}

@article{GM17,
	Author = {Anna Glazyrina and Alexander Melnikov},
	Journal = {Risk and Decision Analysis},
	Number = {2},
	Pages = {167-175},
	Title = {Quadratic hedging of equity-linked life insurance contracts under the real-world measure in discrete time},
	Volume = {6},
	Year = {2017}}

@article{M01,
	Author = {Thomas Moller},
	Journal = {Finance and Stochastics},
	Number = {4},
	Pages = {419-446},
	Title = {Risk-minimizing hedging strategies for insurance payment processes},
	Volume = {5},
	Year = {2001}}

@article{BN09,
	Author = {Jushan Bai and Serena Ng},
	Journal = {Journal of Applied Econometrics},
	Number = {4},
	Pages = {607-629},
	Title = {Boosting diffusion indices},
	Volume = {24},
	Year = {2009}}

@article{MRS15,
	Author = {Stefan Mittnik and Nikolay Robinzonov and Martin Spindler},
	Journal = {Journal of Banking and Finance},
	Pages = {1-14},
	Title = {Stock market volatility: Identifying major drivers and the nature of their impact},
	Volume = {58},
	Year = {2015}}

@article{BY03,
	Author = {Peter B{\"u}hlmann and Bin Yu},
	Journal = {Journal of the American Statistical Association},
	Number = {462},
	Pages = {324-339},
	Title = {Boosting With the L2 Loss: Regression and Classification},
	Volume = {98},
	Year = {2003}}

@article{BH07,
	Author = {Peter B{\"u}hlmann and Torsten Hothorn},
	Journal = {Statistical Science},
	Number = {4},
	Pages = {477-505},
	Title = {Boosting Algorithms: Regularization, Prediction and Model Fitting},
	Volume = {22},
	Year = {2007}}

@article{B06,
	Author = {Peter B{\"u}hlmann},
	Journal = {Annals of Statistics},
	Number = {2},
	Pages = {559-583},
	Title = {Boosting for High-Dimensional Linear Models},
	Volume = {34},
	Year = {2006}}

@article{F01,
	Author = {Jerome H. Friedman},
	Journal = {Annals of Statistics},
	Number = {5},
	Pages = {1189-1232},
	Title = {Greedy Function Approximation: A Gradient Boosting Machine},
	Volume = {29},
	Year = {2001}}

@article{BH10,
	Author = {Peter B{\"u}hlmann and Torsten Hothorn},
	Journal = {Statistics and Computing},
	Number = {2},
	Pages = {119-138},
	Title = {Twin Boosting: improved feature selection and prediction},
	Volume = {20},
	Year = {2010}}

@article{FF15,
	Author = {Eugene F. Fama and Kenneth R. French},
	Doi = {https://doi.org/10.1016/j.jfineco.2014.10.010},
	Journal = {Journal of Financial Economics},
	Number = {1},
	Pages = {1-22},
	Title = {A five-factor asset pricing model},
	Volume = {116},
	Year = {2015},
	Bdsk-Url-1 = {https://doi.org/10.1016/j.jfineco.2014.10.010}}

@article{ZY07,
	Author = {Peng Zhao and Bin Yu},
	Journal = {Journal of Machine Learning Research},
	Pages = {2701-2726},
	Title = {Stagewise Lasso},
	Volume = {8},
	Year = {2007}}

@article{MB10,
	Author = {Nicolai Meinshausen and Peter B{\"u}hlmann},
	Journal = {Journal of the Royal Statistical Society},
	Number = {4},
	Pages = {417-473},
	Title = {Stability Selection},
	Volume = {72},
	Year = {2010}}

@article{Z15,
	Author = {Junlong Zhao},
	Journal = {Communications in Statistics - Simulation and Computation},
	Number = {6},
	Pages = {1612-1640},
	Title = {General Sparse Boosting: Improving Feature Selection of L2 Boosting by Correlation-Based Penalty Family},
	Volume = {44},
	Year = {2015}}

@article{BY06,
	Author = {Peter B{\"u}hlmann and Bin Yu},
	Journal = {Journal of Machine Learning Research},
	Pages = {1001-1024},
	Title = {Sparse Boosting},
	Volume = {7},
	Year = {2006}}

@unpublished{LN96,
	Author = {Austin M. Long and Craig J. Nickels},
	Month = {February},
	Note = {The University of Texas System},
	Title = {A private investment benchmark},
	Year = {1996}}

@article{B92,
	Author = {Jeffery V. Bailey},
	Journal = {Journal of Portfolio Management},
	Number = {3},
	Pages = {9-13},
	Title = {Are manager universes acceptable performance benchmarks?},
	Volume = {18},
	Year = {1992}}

@article{ALS19,
	Author = {Andrew Ang and Jun Liu and Krista Schwarz},
	Journal = {Journal of Financial and Quantitative Analysis},
	Title = {Using Stocks or Portfolios in Tests of Factor Models},
	Year = {2019}}

@article{MS19,
	Author = {Ananth Madhavan and Aleksander Sobczyk},
	Journal = {Journal of Financial Data Science},
	Number = {1},
	Pages = {111-121},
	Title = {Fine-Tuning Private Equity Replication Using Textual Analysis},
	Volume = {1},
	Year = {2019}}

@article{PP19,
	Author = {Sidney C. Porter and Sheridan Porter},
	Journal = {Journal of Financial Data Science},
	Number = {1},
	Pages = {130-140},
	Title = {Introducing Objective Benchmark-Based Attribution in Private Equity},
	Volume = {1},
	Year = {2019}}


% Spatial SDF Estimator

@book{W00,
	title={Asymptotic theory for econometricians},
	author={White, Halbert},
	year={2000},
	publisher={Academic press},
	edition={Second}
}

@unpublished{L08,
	Author = {Austin M. Long},
	Note = {Alignment Capital Group, working paper},
	Year = {2008},
	Title = {The Common Mathematical Foundation of ACG’s ICM and AICM and the K&S PME}}

@unpublished{K18,
	Author = {Arthur Korteweg},
	Date-Added = {2019-04-12 09:51:15 +0000},
	Date-Modified = {2019-04-12 09:53:10 +0000},
	Note = {unpublished working paper (http://dx.doi.org/10.2139/ssrn.3293984)},
	Year = {2018},
	Title = {Risk Adjustment in Private Equity Returns}}

@unpublished{GN18,
	Author = {Arpit Gupta and Stijn Van Nieuwerburgh},
	Date-Added = {2019-01-20 13:33:51 +0000},
	Date-Modified = {2019-01-20 13:34:50 +0000},
	Month = {December 12},
	Note = {unpublished working paper (https://www.aeaweb.org/conference/2019/preliminary/paper/YsGkk6BR)},
	Title = {Valuing Private Equity Investments Strip by Strip},
	Year = {2018}}

@incollection{FS91,
	Author = {Hans F{\"o}llmer and Martin Schweizer},
	Booktitle = {Applied Stochastic Analysis},
	Date-Added = {2018-12-14 12:22:27 +0000},
	Date-Modified = {2018-12-14 12:23:51 +0000},
	Editor = {M. H. A. Davis and R. J. Elliott},
	Pages = {389-414},
	Publisher = {Gordon and Breach},
	Series = {Stochastics Monographs},
	Title = {Hedging of Contingent Claims under Incomplete Information},
	Volume = {5},
	Year = {1991}}

@incollection{S01,
	Author = {Martin Schweizer},
	Booktitle = {Option Pricing, Interest Rates and Risk Management},
	Chapter = {15},
	Date-Added = {2018-12-14 12:03:57 +0000},
	Date-Modified = {2018-12-14 12:06:09 +0000},
	Editor = {Elyes Jouini and Jaksa Cvitanic and Marek Musiela},
	Pages = {538-574},
	Publisher = {Cambridge University Press},
	Title = {A Guided Tour through Quadratic Hedging Approaches},
	Year = {2001}}

@incollection{S08,
	Author = {Martin Schweizer},
	Booktitle = {Advances in mathematics of finance},
	Date-Added = {2018-12-14 11:57:16 +0000},
	Date-Modified = {2018-12-14 12:01:55 +0000},
	Editor = {Lukasz Stettner},
	Pages = {213-229},
	Publisher = {Polish Academy of Sciences},
	Series = {Banach Center Publications},
	Title = {Local risk-minimization for multidimensional assets and payment streams},
	Volume = {83},
	Year = {2008}}

@incollection{FS86,
	Author = {Hans F{\"o}llmer and Dieter Sondermann},
	Booktitle = {Contributions to mathematical economics},
	Chapter = {12},
	Date-Added = {2018-12-14 11:42:22 +0000},
	Date-Modified = {2018-12-14 17:26:16 +0000},
	Editor = {Werner Hildenbrand and Andreu Mas-Colell},
	Pages = {205-223},
	Publisher = {North-Holland},
	Title = {Hedging of non-redundant contingent claims},
	Year = {1986}}

@article{H12,
	Author = {Lars Peter Hansen},
	Journal = {Journal of Econometrics},
	Pages = {325-330},
	Title = {Proofs for large sample properties of generalized method of moments estimators},
	Volume = {170},
	Year = {2012}}

@article{H82,
	Author = {Lars Peter Hansen},
	Journal = {Econometrica},
	Pages = {1029-1054},
	Title = {Large Sample Properties of Generalized Method of Moments Estimators},
	Volume = {50},
	Number = {4},
	Year = {1982}}

@article{R00,
	Author = {Jeff Racine},
	Journal = {Journal of Econometrics},
	Pages = {39-61},
	Title = {Consistent cross-validatory model-selection for dependent data: hv-block cross-validation},
	Volume = {99},
	Year = {2000}}

@article{BP03,
	Author = {Hans B{\"u}hlmann and Eckhard Platen},
	Journal = {Astin Bulletin},
	Number = {2},
	Pages = {153-172},
	Title = {A discrete time benchmark approach for insurance and finance},
	Volume = {33},
	Year = {2003}}

@article{PR12,
	Author = {Eckhard Platen and Renata Rendek},
	Journal = {Journal of Asset Management},
	Number = {1},
	Pages = {34-50},
	Title = {Approximating the numeraire portfolio by naive diversification},
	Volume = {13},
	Year = {2012}}

@article{D01,
	Author = {Dirk Becherer},
	Journal = {Finance and Stochastics},
	Pages = {327-341},
	Title = {The numeraire portfolio for unbounded semimartingales},
	Volume = {5},
	Year = {2001}}

@article{L90,
	Author = {John B. Long},
	Journal = {Journal of Financial Economics},
	Pages = {29-69},
	Title = {The numeraire portfolio},
	Volume = {26},
	Year = {1990}}

@article{P06,
	Author = {Eckhard Platen},
	Journal = {Mathematical Finance},
	Number = {1},
	Pages = {131-151},
	Title = {A benchmark approach to finance},
	Volume = {16},
	Year = {2006}}

@incollection{P11,
	Author = {Eckhard Platen},
	Booktitle = {The Kelly capital growth investment criterion: Theory and practice},
	Publisher = {World Scientific},
	Title = {A benchmark approach to investing and pricing},
	Year = {2011}}

@article{KN16,
	Author = {Arthur Korteweg and Stefan Nagel},
	Journal = {Journal of Finance},
	Number = {3},
	Pages = {1437-1470},
	Title = {Risk-adjusting the returns to venture capital},
	Volume = {71},
	Year = {2016}}

@article{SJ15,
	Author = {Morten Sorensen and Ravi Jagannathan},
	Journal = {Financial Analysts Journal},
	Number = {4},
	Pages = {43-50},
	Title = {The public market equivalent and private equity performance},
	Volume = {71},
	Year = {2015}}

@article{DLP12,
	Author = {Joost Driessen and Tse-Chun Lin and Ludovic Phalippou},
	Journal = {Journal of Financial and Quantitative Analysis},
	Number = {3},
	Pages = {511-535},
	Title = {A new method to estimate risk and return of nontraded assets from cash flows: the case of private equity},
	Volume = {47},
	Year = {2012}}

@article{ACGP18,
	Author = {Andrew Ang and Bingxu Chen and William N. Goetzmann and Ludovic Phalippou},
	Journal = {Journal of Finance},
	Number = {4},
	Pages = {1751-1783},
	Title = {Estimating Private Equity Returns from Limited Partner Cash Flows},
	Volume = {73},
	Year = {2018}}

@article{R76,
	Author = {Mark Rubinstein},
	Journal = {Journal of Finance},
	Number = {2},
	Pages = {551-571},
	Title = {The Strong Case for the Generalized Logarithmic Utility Model as the Premier Model of Financial Markets},
	Volume = {31},
	Year = {1976}}

@article{SWY14,
	Author = {Morten Sorensen and Neng Wang and Jinqiang Yang},
	Journal = {Review of Financial Studies},
	Number = {7},
	Pages = {1977-2021},
	Title = {Valuing private equity},
	Volume = {27},
	Year = {2014}}

@article{FFJT02,
	Author = {Herber Farnsworth and Wayne Ferson and David Jackson and Steven Todd},
	Journal = {Journal of Business},
	Number = {3},
	Pages = {473-503},
	Title = {Performance evaluation with stochastic discount factors},
	Volume = {75},
	Year = {2002}}

@article{LXZ16,
	Author = {Haitao Li and Yuewu Xu and Xiaoyan Zhang},
	Journal = {Journal of Financial and Quantitative Analysis},
	Number = {1},
	Pages = {231-257},
	Title = {Hedge funds performance evaluation under the stochastic discount factor framework},
	Volume = {51},
	Year = {2016}}

@article{GZ14,
	Author = {Jonas Gusset and Heinz Zimmermann},
	Journal = {Financial Markets and Portfolio Management},
	Number = {4},
	Pages = {307-336},
	Title = {Why not use SDF rather than beta models in performance measurement?},
	Volume = {28},
	Year = {2014}}

@article{CCC14,
	Author = {Claudia Ceci and Katia Colaneri and Alessandra Cretarola},
	Journal = {Insurance: Mathematics and Economics},
	Pages = {129-146},
	Title = {A benchmark approach to risk-minimization under partial information},
	Volume = {55},
	Year = {2014}}

@article{DP16,
	Author = {Ke Du and Eckhard Platen},
	Journal = {Mathematical Finance},
	Number = {3},
	Pages = {617-637},
	Title = {Benchmarked Risk Minimization},
	Volume = {26},
	Year = {2016}}

@article{BCP14,
	Author = {Francesca Biagini and Alessandra Cretarola and Eckhard Platen},
	Journal = {Mathematics and Financial Economics},
	Number = {2},
	Pages = {109--134},
	Title = {Local risk-minimization under the benchmark approach},
	Volume = {8},
	Year = {2014}}

@article{P12,
	Author = {Jerome Pansera},
	Journal = {Insurance: Mathematics and Economics},
	Pages = {1-12},
	Title = {Discrete-time local risk minimization of payment processes and applications to equity-linked life-insurance contracts},
	Volume = {50},
	Year = {2012}}

@article{S94,
	Author = {Manfred Sch{\"a}l},
	Journal = {Mathematics of operations research},
	Number = {1},
	Pages = {121-131},
	Publisher = {INFORMS},
	Title = {On quadratic cost criteria for option hedging},
	Volume = {19},
	Year = {1994}}

@article{GM17,
	Author = {Anna Glazyrina and Alexander Melnikov},
	Journal = {Risk and Decision Analysis},
	Number = {2},
	Pages = {167-175},
	Title = {Quadratic hedging of equity-linked life insurance contracts under the real-world measure in discrete time},
	Volume = {6},
	Year = {2017}}

@article{M01,
	Author = {Thomas Moller},
	Journal = {Finance and Stochastics},
	Number = {4},
	Pages = {419-446},
	Title = {Risk-minimizing hedging strategies for insurance payment processes},
	Volume = {5},
	Year = {2001}}

@article{BN09,
	Author = {Jushan Bai and Serena Ng},
	Journal = {Journal of Applied Econometrics},
	Number = {4},
	Pages = {607-629},
	Title = {Boosting diffusion indices},
	Volume = {24},
	Year = {2009}}

@article{MRS15,
	Author = {Stefan Mittnik and Nikolay Robinzonov and Martin Spindler},
	Journal = {Journal of Banking and Finance},
	Pages = {1-14},
	Title = {Stock market volatility: Identifying major drivers and the nature of their impact},
	Volume = {58},
	Year = {2015}}

@article{BY03,
	Author = {Peter B{\"u}hlmann and Bin Yu},
	Journal = {Journal of the American Statistical Association},
	Number = {462},
	Pages = {324-339},
	Title = {Boosting With the L2 Loss: Regression and Classification},
	Volume = {98},
	Year = {2003}}

@article{BH07,
	Author = {Peter B{\"u}hlmann and Torsten Hothorn},
	Journal = {Statistical Science},
	Number = {4},
	Pages = {477-505},
	Title = {Boosting Algorithms: Regularization, Prediction and Model Fitting},
	Volume = {22},
	Year = {2007}}

@article{B06,
	Author = {Peter B{\"u}hlmann},
	Journal = {Annals of Statistics},
	Number = {2},
	Pages = {559-583},
	Title = {Boosting for High-Dimensional Linear Models},
	Volume = {34},
	Year = {2006}}

@article{F01,
	Author = {Jerome H. Friedman},
	Journal = {Annals of Statistics},
	Number = {5},
	Pages = {1189-1232},
	Title = {Greedy Function Approximation: A Gradient Boosting Machine},
	Volume = {29},
	Year = {2001}}

@article{BH10,
	Author = {Peter B{\"u}hlmann and Torsten Hothorn},
	Journal = {Statistics and Computing},
	Number = {2},
	Pages = {119-138},
	Title = {Twin Boosting: improved feature selection and prediction},
	Volume = {20},
	Year = {2010}}

@article{FF15,
	Author = {Eugene F. Fama and Kenneth R. French},
	Doi = {https://doi.org/10.1016/j.jfineco.2014.10.010},
	Journal = {Journal of Financial Economics},
	Number = {1},
	Pages = {1-22},
	Title = {A five-factor asset pricing model},
	Volume = {116},
	Year = {2015},
	Bdsk-Url-1 = {https://doi.org/10.1016/j.jfineco.2014.10.010}}

@article{ZY07,
	Author = {Peng Zhao and Bin Yu},
	Journal = {Journal of Machine Learning Research},
	Pages = {2701-2726},
	Title = {Stagewise Lasso},
	Volume = {8},
	Year = {2007}}

@article{MB10,
	Author = {Nicolai Meinshausen and Peter B{\"u}hlmann},
	Journal = {Journal of the Royal Statistical Society},
	Number = {4},
	Pages = {417-473},
	Title = {Stability Selection},
	Volume = {72},
	Year = {2010}}

@article{Z15,
	Author = {Junlong Zhao},
	Journal = {Communications in Statistics - Simulation and Computation},
	Number = {6},
	Pages = {1612-1640},
	Title = {General Sparse Boosting: Improving Feature Selection of L2 Boosting by Correlation-Based Penalty Family},
	Volume = {44},
	Year = {2015}}

@article{BY06,
	Author = {Peter B{\"u}hlmann and Bin Yu},
	Journal = {Journal of Machine Learning Research},
	Pages = {1001-1024},
	Title = {Sparse Boosting},
	Volume = {7},
	Year = {2006}}

@unpublished{LN96,
	Author = {Austin M. Long and Craig J. Nickels},
	Month = {February},
	Note = {The University of Texas System, working paper},
	Title = {A private investment benchmark},
	Year = {1996}}

@article{B92,
	Author = {Jeffery V. Bailey},
	Journal = {Journal of Portfolio Management},
	Number = {3},
	Pages = {9-13},
	Title = {Are manager universes acceptable performance benchmarks?},
	Volume = {18},
	Year = {1992}}

@article{ALS20,
	Author = {Andrew Ang and Jun Liu and Krista Schwarz},
	Journal = {Journal of Financial and Quantitative Analysis},
	Title = {Using Stocks or Portfolios in Tests of Factor Models},
	Volume = {55},
	Number = {3},
	Pages = {709-750},
	Year = {2020}}

@article{MS19,
	Author = {Ananth Madhavan and Aleksander Sobczyk},
	Journal = {Journal of Financial Data Science},
	Number = {1},
	Pages = {111-121},
	Title = {Fine-Tuning Private Equity Replication Using Textual Analysis},
	Volume = {1},
	Year = {2019}}

@article{PP19,
	Author = {Sidney C. Porter and Sheridan Porter},
	Journal = {Journal of Financial Data Science},
	Number = {1},
	Pages = {130-140},
	Title = {Introducing Objective Benchmark-Based Attribution in Private Equity},
	Volume = {1},
	Year = {2019}}

@article{CL15,
	Author = {Xu Cheng and Zhipeng Liao},
	Journal = {Journal of Econometrics},
	Volume = {186},
	Pages = {443-464},
	Title = {Select the valid and relevant moments: An information-based LASSO for GMM with many moments},
	Year = {2015}}

@article{LP05,
	Author = {Hannes Leeb and Benedik M. P{\"o}tscher},
	Journal = {Econometric Theory},
	Volume = {21},
	Pages = {21-59},
	Title = {Model Selection and Inference: Facts and Fiction},
	Year = {2005}}

@article{NW09,
	Author = {Whitney K. Newey and Frank Windmeijer},
	Journal = {Econometrica},
	Volume = {77},
	Number = {3},
	Pages = {687-719},
	Title = {Generalized Method of Moments with many weak moment conditions},
	Year = {2009}}

@unpublished{BS14,
	Author = {Axel Buchner and Ruediger Stucke},
	Note = {working paper (as of 2014-03-24)},
	Year = {2014},
	Title = {The systematic risk of private equity}}

@unpublished{B14,
	Author = {Axel Buchner},
	Note = {working paper (as of 2014-10-24)},
	Year = {2014},
	Title = {The alpha and beta of private equity investments}}

@unpublished{GSW19,
	Author = {Oleg Gredil and Morten Sorensen and William Waller},
	Note = {working paper (as of 2020-02-03)},
	Year = {2020},
	Title = {Evaluating Private Equity performance using Stochastic Discount Factors}}

@unpublished{BGG20,
	Author = {Gregory W. Brown and Eric Ghysels and Oleg Gredil},
	Note = {working paper (as of 2021-03-19)},
	Year = {2021},
	Title = {Nowcasting Net Asset Values: The Case of Private Equity}}

@unpublished{GGS14,
	Author = {Oleg Gredil and Barry E. Griffiths and Ruediger Stucke},
	Note = {working paper (as of 2014-02-28)},
	Year = {2014},
	Title = {Benchmarking Private Equity: The Direct Alpha Method}}

@article{K97,
	Author = {Yuichi Kitamura},
	Journal = {The Annals of Statistics},
	Volume = {25},
	Number = {5},
	Pages = {2084-2102},
	Title = {Empirical Likelihood Methods with Weakly Dependent Processes},
	Year = {1997}}

@INBOOK{K07,
	Author = {Yuichi Kitamura},
	editor = {Richard Blundell},
	title = {Advances in Economics and Econometrics},
	chapter = {7 - Empirical Likelihood Methods in Econometrics: Theory and Practice},
	volume = {3},
	Pages = {174-237},
	publisher = {Cambridge University Press},
	doi = {10.1017/CBO9780511607547.008},
	Year = {2007}}

@article{HXZ15,
	Author = {Kewei Hou and Chen Xue and Lu Zhang},
	Journal = {Review of Financial Studies},
	Volume = {28},
	Number = {3},
	Pages = {650-705},
	Title = {Digesting Anomalies: An Investment Approach},
	Year = {2015}}

@article{HXZ19,
	Author = {Kewei Hou and Chen Xue and Lu Zhang},
	Journal = {Review of Finance},
	Volume = {23},
	Number = {1},
	Pages = {1-35},
	Title = {Which factors?},
	Year = {2019}}

@article{HXZ20,
	Author = {Kewei Hou and Chen Xue and Lu Zhang},
	Journal = {Review of Finance},
	Volume = {},
	Number = {},
	Pages = {},
	Title = {An Augmented $q^5$ Model with Expected Growth},
	Year = {2020}}

@article{WW88,
	Author = {Jeffrey M. Wooldridge and Halbert White},
	Journal = {Econometric Theory},
	Volume = {4},
	Number = {2},
	Pages = {210-230},
	Title = {Some invariance principles and central limit theorems for dependent heterogeneous processes},
	Year = {1988}}

@article{JP09,
	title={Central limit theorems and uniform laws of large numbers for arrays of random fields},
	author={Jenish, Nazgul and Prucha, Ingmar R},
	journal={Journal of Econometrics},
	volume={150},
	number={1},
	pages={86--98},
	year={2009},
	publisher={Elsevier}
}

@article{JP12,
	Author = {Nazgul Jenish and Ingmar R. Prucha},
	Journal = {Journal of Econometrics},
	Volume = {170},
	Number = {1},
	Pages = {178-190},
	Title = {On Spatial Processes and Aysmptotic Inference under Near-Epoch Dependence},
	Year = {2012}}

@article{C99,
	Author = {Timothy G. Conley},
	Journal = {Journal of Econometrics},
	Volume = {92},
	Number = {1},
	Pages = {1-45},
	Title = {GMM estimation with cross-sectional dependence},
	Year = {1999}}

@book{PP97,
	title={Dynamic nonlinear econometric models: Asymptotic theory},
	author={P{\"o}tscher, Benedikt M and Prucha, Ingmar R},
	year={1997},
	publisher={Springer Science \& Business Media}
}

@article{BC13,
	Author = {Alexandre Belloni and Victor Chernozhukov},
	Journal = {Bernoulli},
	Volume = {19},
	Number = {2},
	Pages = {521–547},
	Title = {Least squares after model selection in high-dimensional sparse models},
	Year = {2013},
	DOI = {10.3150/11-BEJ410}
}

@article{FGX20,
	Author = {Guanhao Feng and Stefano Giglio and Dacheng Xiu},
	Journal = {Journal of Finance},
	Volume = {},
	Number = {},
	Pages = {},
	Title = {Taming the Factor Zoo: A Test of New Factors},
	DOI = {10.1111/jofi.12883},
	Year = {2020}}

@article{T11,
	Author = {Robert Tibshirani},
	Journal = {J. R. Statist. Soc. B},
	Volume = {73},
	Number = {3},
	Pages = {273–282},
	Title = {Regression shrinkage and selection via the lasso: a retrospective},
	DOI = {10.1111/j.1467-9868.2011.00771.x},
	Year = {2011}}

@article{T96,
	Author = {Robert Tibshirani},
	Journal = {J. R. Statist. Soc. B},
	Volume = {58},
	Number = {1},
	Pages = {267-288},
	Title = {Regression shrinkage and selection via the lasso},
	DOI = {},
	Year = {1996}}

@article{TRTW18,
	title={Uniform asymptotic inference and the bootstrap after model selection},
	author={Ryan J. Tibshirani and Alessandro Rinaldo and Rob Tibshirani and Larry Wasserman},
	journal={The Annals of Statistics},
	volume={46},
	number={3},
	pages={1255--1287},
	year={2018}
}

@article{A91,
	title={Heteroskedasticity and autocorrelation consistent covariance matrix estimation},
	author={Andrews, Donald WK},
	journal={Econometrica: Journal of the Econometric Society},
	pages={817-858},
	year={1991}
}

@article{KS11,
	title={Spatial heteroskedasticity and autocorrelation consistent estimation of covariance matrix},
	author={Kim, Min Seong and Sun, Yixiao},
	journal={Journal of Econometrics},
	volume={160},
	number={2},
	pages={349-371},
	year={2011},
	publisher={Elsevier}
}

@article{CCF19,
	title={Characteristic-Sorted Portfolios: Estimation and Inference},
	author={Matias D. Cattaneo and Richard K. Crump and Max H. Farrell},
	journal={Review of Economics and Statistics},
	year={2019},
}

@article{GM07,
	title={Econometric specification of stochastic discount factor models},
	author={Gourieroux, Christian and Monfort, Alain},
	journal={Journal of Econometrics},
	volume={136},
	number={2},
	pages={509--530},
	year={2007},
	publisher={Elsevier}
}

@article{BMP08,
	title={Econometric asset pricing modelling},
	author={Bertholon, Henri and Monfort, Alain and Pegoraro, Fulvio},
	journal={Journal of Financial Econometrics},
	volume={6},
	number={4},
	pages={407--458},
	year={2008},
	publisher={Oxford University Press}
}

@article{FF20,
	title={Comparing cross-section and time-series factor models},
	author={Fama, Eugene F and French, Kenneth R},
	journal={The Review of Financial Studies},
	volume={33},
	number={5},
	pages={1891--1926},
	year={2020},
	publisher={Oxford University Press}
}

@article{C11,
	title={Presidential address: Discount rates},
	author={Cochrane, John H},
	journal={The Journal of Finance},
	volume={66},
	number={4},
	pages={1047--1108},
	year={2011},
	publisher={Wiley Online Library}
}

@article{JNPR19,
	title={Empirical tests of asset pricing models with individual assets: Resolving the errors-in-variables bias in risk premium estimation},
	author={Jegadeesh, Narasimhan and Noh, Joonki and Pukthuanthong, Kuntara and Roll, Richard and Wang, Junbo},
	journal={Journal of Financial Economics},
	volume={133},
	number={2},
	pages={273--298},
	year={2019},
	publisher={Elsevier}
}

@article{PRS19,
	title={A protocol for factor identification},
	author={Pukthuanthong, Kuntara and Roll, Richard and Subrahmanyam, Avanidhar},
	journal={The Review of Financial Studies},
	volume={32},
	number={4},
	pages={1573--1607},
	year={2019},
	publisher={Oxford University Press}
}

@article{HR87,
	title={The role of conditioning information in deducing testable restrictions implied by dynamic asset pricing models},
	author={Hansen, Lars Peter and Richard, Scott F},
	journal={Econometrica},
	pages={587--613},
	year={1987},
	publisher={JSTOR}
}

@article{RRZ20,
	title={Testing beta-pricing models using large cross-sections},
	author={Raponi, Valentina and Robotti, Cesare and Zaffaroni, Paolo},
	journal={The Review of Financial Studies},
	volume={33},
	number={6},
	pages={2796--2842},
	year={2020},
	publisher={Oxford University Press}
}

@article{GKX21,
	title={Autoencoder asset pricing models},
	author={Gu, Shihao and Kelly, Bryan and Xiu, Dacheng},
	journal={Journal of Econometrics},
	year={2021},
	volume={222},
	number={1B},
	publisher={Elsevier}
}

@book{FS16,
	title={Stochastic finance},
	author={F{\"o}llmer, Hans and Schied, Alexander},
	year={2016},
	publisher={de Gruyter}
}

@article{S96,
	title={Approximation pricing and the variance-optimal martingale measure},
	author={Schweizer, Martin and others},
	journal={The Annals of Probability},
	volume={24},
	number={1},
	pages={206--236},
	year={1996},
	publisher={Institute of Mathematical Statistics}
}

@article{FS88,
	title={Hedging by sequential regression: An introduction to the mathematics of option trading},
	author={F{\"o}llmer, Hans and Schweizer, Martin},
	journal={ASTIN Bulletin: The Journal of the IAA},
	volume={18},
	number={2},
	pages={147--160},
	year={1988},
	publisher={Cambridge University Press}
}

@article{FS96,
	title={Measuring fund strategy and performance in changing economic conditions},
	author={Ferson, Wayne E and Schadt, Rudi W},
	journal={The Journal of finance},
	volume={51},
	number={2},
	pages={425--461},
	year={1996},
	publisher={Wiley Online Library}
}

@article{DMSSS97,
	title={Weighted norm inequalities and hedging in incomplete markets},
	author={Delbaen, Freddy and Monat, Pascale and Schachermayer, Walter and Schweizer, Martin and Stricker, Christophe},
	journal={Finance and Stochastics},
	volume={1},
	number={3},
	pages={181--227},
	year={1997},
	publisher={Springer}
}

@inproceedings{DS96,
	title={Attainable claims with p'th moments},
	author={Delbaen, Freddy and Schachermayer, Walter},
	booktitle={Annales de l'IHP Probabilit{\'e}s et statistiques},
	volume={32},
	number={6},
	pages={743--763},
	year={1996}
}

@article{CK07,
	title={On the structure of general mean-variance hedging strategies},
	author={{\v{C}}ern{\`y}, Ale{\v{s}} and Kallsen, Jan and others},
	journal={Annals of Probability},
	volume={35},
	number={4},
	pages={1479--1531},
	year={2007},
	publisher={Institute of Mathematical Statistics}
}

@article{XY06,
	title={Markowitz's portfolio optimization in an incomplete market},
	author={Xia, Jianming and Yan, Jia-An},
	journal={Mathematical Finance: An International Journal of Mathematics, Statistics and Financial Economics},
	volume={16},
	number={1},
	pages={203--216},
	year={2006},
	publisher={Wiley Online Library}
}

@article{HP83,
	title={A stochastic calculus model of continuous trading: complete markets},
	author={Harrison, J Michael and Pliska, Stanley R},
	journal={Stochastic processes and their applications},
	volume={15},
	number={3},
	pages={313--316},
	year={1983},
	publisher={Elsevier}
}

@article{HP81,
	title={Martingales and stochastic integrals in the theory of continuous trading},
	author={Harrison, J Michael and Pliska, Stanley R},
	journal={Stochastic processes and their applications},
	volume={11},
	number={3},
	pages={215--260},
	year={1981},
	publisher={Elsevier}
}

@article{HK79,
	title={Martingales and arbitrage in multiperiod securities markets},
	author={Harrison, J Michael and Kreps, David M},
	journal={Journal of Economic theory},
	volume={20},
	number={3},
	pages={381--408},
	year={1979},
	publisher={Citeseer}
}

@article{B89,
	title={The number of factors in security returns},
	author={Brown, Stephen J},
	journal={the Journal of Finance},
	volume={44},
	number={5},
	pages={1247--1262},
	year={1989},
	publisher={Wiley Online Library}
}

@article{H08,
	title={Explaining the single factor bias of arbitrage pricing models in finite samples},
	author={Harding, Matthew C},
	journal={Economics Letters},
	volume={99},
	number={1},
	pages={85--88},
	year={2008},
	publisher={Elsevier}
}

@article{AMMZ10,
	title={Passive hedge fund replication--Beyond the linear case},
	author={Amenc, No{\"e}l and Martellini, Lionel and Meyfredi, Jean-Christophe and Ziemann, Volker},
	journal={European Financial Management},
	volume={16},
	number={2},
	pages={191--210},
	year={2010},
	publisher={Wiley Online Library}
}


@Article{G06,
	author        = {Kay Giesecke},
	title         = {Default and information},
	journal       = {Journal of Economic Dynamics and Control},
	year          = {2006},
	volume        = {30},
	pages         = {2281-2303},
	doi           = {10.1016/j.jedc.2005.07.003},
}

@Article{FPG14,
	author        = {Elisabete Gomes Santana F{\'e}lix and Cesaltina Pacheco Pires and Mohamed Azzim Gulamhussen},
	title         = {The exit decision in the European venture capital market},
	journal       = {Quantitative Finance},
	year          = {2014},
	volume        = {14},
	number        = {6},
	pages         = {1115-1130},
	doi           = {10.1080/14697688.2012.714903},
}

@Article{GHS11,
	author        = {Shourun Guo and Edith S. Hotchkiss and Weihong Song},
	title         = {Do buyouts (still) create value?},
	journal       = {Journal of Finance},
	year          = {2011},
	volume        = {66},
	number        = {2},
	pages         = {479-517},
	doi           = {10.1111/j.1540-6261.2010.01640.x},
}

@Article{SSS10,
	author        = {Daniel M Schmidt and Sascha Steffen and Franziska Szab{\'o}},
	title         = {Exit strategies of buyout investments: An empirical analysis},
	journal       = {Journal of Alternative Investments},
	year          = {2010},
	volume        = {12},
	number        = {4},
	pages         = {58-84},
	doi           = {10.3905/JAI.2010.12.4.058},
}

@Article{VMNW13,
	author        = {Petri Valkama and Markku Maula and Erkki Nikoskelainen and Mike Wright},
	title         = {Drivers of holding period firm-level returns in private equity-backed buyouts},
	journal       = {Journal of Banking and Finance},
	year          = {2013},
	volume        = {37},
	number        = {7},
	pages         = {2378-2391},
	doi           = {10.1016/j.jbankfin.2013.01.042},
}

@Article{BKW10,
	author        = {Axel Buchner and Christoph Kaserer and Niklas Wagner},
	title         = {Modeling the cash flow dynamics of private equity funds: Theory and empirical evidence},
	journal       = {Journal of Alternative Investments},
	year          = {2010},
	volume        = {13},
	number        = {1},
	pages         = {41-54},
	doi           = {10.3905/jai.2010.13.1.041},
}

@unpublished{LR03,
	Author = {Alexander Ljungqvist and Matthew Richardson},
	Date-Added = {2018-02-01 21:50:24 +0000},
	Date-Modified = {2018-03-23 16:50:13 +0000},
	Month = {October 30},
	accessed = {2018-04-29},
	url = {https://archive.nyu.edu/jspui/bitstream/2451/27031/2/S-FI-03-11.pdf},
	Note = {unpublished working paper},
	Title = {The investment behavior of private equity fund managers},
	Year = {2003}
}

@Article{CGM14,
	author        = {Douglas Cumming and Luca Grilli and Samuele Murtinu},
	title         = {Governmental and independent venture capital investments in Europe: A firm-level performance analysis},
	journal       = {Journal of Corporate Finance},
	year          = {2014},
	volume        = {42},
	pages         = {439-459},
	doi           = {10.1016/j.jcorpfin.2014.10.016},
}

@unpublished{LSS16,
	Author = {Alexander Lahmann and Maximilian Schreiter and Bernhard Schwetzler},
	Month = {January 7},
	accessed = {2018-04-29},
	url = {https://papers.ssrn.com/sol3/papers.cfm?abstract\_id=2563557},
	Note = {unpublished working paper},
	Title = {Modeling dynamic redemption and default risk for lbo evaluation: A boundary crossing approach},
	Year = {2016},
	doi = {10.2139/ssrn.2563557}
}

@Book{ABG08,
	title         = {Survival and Event History Analysis},
	publisher     = {Springer},
	year          = {2008},
	author        = {Odd O. Aalen and Ornulf Borgan and Hakon K. Gjessing},
	address       = {New York},
	doi           = {10.1007/978-0-387-68560-1},
}

@ARTICLE{AG82,
	Author = {P.K. Andersen and R. D. Gill},
	Journal = {Annals of Statistics},
	Number = {4},
	Pages = {1100-1120},
	Title = {Cox's regression model for counting processes: A large sample study},
	Volume = {10},
	Year = {1982}}

@Article{C08a,
	author        = {Douglas Cumming},
	title         = {Contracts and exits in venture capital finance},
	journal       = {Review of Financial Studies},
	year          = {2008},
	volume        = {21},
	number        = {5},
	pages         = {1947-1982},
	doi           = {10.1093/rfs/hhn072},
}

@Article{KS10,
	author        = {Arthur Korteweg and Morten Sorensen},
	title         = {Risk and return characteristics of venture capital-backed entrepreneurial companies},
	journal       = {Review of Financial Studies},
	year          = {2010},
	volume        = {23},
	number        = {10},
	pages         = {3738-3772},
	doi           = {10.1093/rfs/hhq050},
}

@unpublished{DJS02,
	Author = {Sanjiv R. Das and Murali Jagannathan and Atulya Sarin},
	Month = {January},
	Note = {unpublished working paper},
	url = {},
	accessed = {2018-04-29},
	Title = {The private equity discount: An empirical examination of the exit of venture backed companies},
	Year = {2002}}

@ARTICLE{C72,
	Author = {D. R. Cox},
	Date-Added = {2017-06-22 14:23:41 +0000},
	Date-Modified = {2017-06-22 14:25:15 +0000},
	Journal = {Journal of the Royal Statistical Society},
	Number = {2},
	Pages = {187-220},
	Title = {Regression models and life-tables},
	Volume = {34},
	Year = {1972}}

@Article{BC09,
	author        = {Dion Bongaerts and Erwin Charlier},
	title         = {Private equity and regulatory capital},
	journal       = {Journal of Banking and Finance},
	year          = {2009},
	volume        = {33},
	pages         = {1211-1220},
	doi           = {10.1016/j.jbankfin.2008.12.015},
}

@Article{M04,
	author        = {Etienne de Malherbe},
	title         = {Modeling private equity funds and private equity collateralised fund obligations},
	journal       = {International Journal of Theoretical and Applied Finance},
	year          = {2004},
	volume        = {7},
	number        = {3},
	pages         = {193-230},
	doi           = {10.1142/S0219024904002359},
}

@Article{BEHZ11,
	author        = {Reiner Braun and Nico Engel and Peter Hieber and Rudi Zagst},
	title         = {The risk appetite of private equity sponsors},
	journal       = {Journal of Empirical Finance},
	year          = {2011},
	volume        = {18},
	number        = {5},
	pages         = {815-832},
	doi           = {10.1016/j.jempfin.2011.07.002},
}

@book{B81,
	Author = {Pierre Bremaud},
	Date-Modified = {2018-03-15 20:53:45 +0000},
	Publisher = {Springer},
	address = {New York},
	Title = {Point Processes and Queues. Martingale Dynamics},
	Year = {1981},
	doi = {10.1002/bimj.4710300220}
}

@Article{JP04,
	author  = {Robert A. Jarrow and Philip Protter},
	title   = {Structural versus reduced-form models: A new information-based perspective},
	journal = {Journal of Investment Management},
	year    = {2004},
	volume  = {2},
	number  = {2},
	pages   = {1-10},
	doi     = {10.1002/9781119201892.ch6},
}

@Article{B17,
	author        = {Axel Buchner},
	title         = {Risk management for private equity funds},
	journal       = {Journal of Risk},
	year          = {2017},
	volume        = {19},
	number        = {6},
	pages         = {1-32},
	doi           = {10.21314/JOR.2017.363},
}

@Article{DCKX12,
	author  = {Feng Dong and Nicola Chiara and Nakhon Kokkaew and Alex Xu},
	title   = {Copula-based portfolio credit risk assessment in infrastructure project financing},
	journal = {Journal of Private Equity},
	year    = {2012},
	volume  = {15},
	number  = {2},
	pages   = {31-30},
	doi     = {10.3905/jpe.2012.15.2.031},
}

@Article{EHSS11,
	author        = {Marcos Escobar and Peter Hieber and Matthias Scherer and Luis Seco},
	title         = {Portfolio optimization in a multidimensional structural-default model with a focus on private equity},
	journal       = {Journal of Private Equity},
	year          = {2011},
	volume        = {15},
	number        = {1},
	pages         = {26-35},
	date-added    = {2017-01-05 16:15:52 +0000},
	date-modified = {2017-01-05 16:17:25 +0000},
	doi           = {10.3905/jpe.2011.15.1.026},
}

@Article{GS07,
	author        = {Pierre Giot and Armin Schwienbacher},
	title         = {Ipos, trade sales and liquidations: Modelling venture capital exits using survival analysis},
	journal       = {Journal of Banking and Finance},
	year          = {2007},
	volume        = {31},
	pages         = {679-702},
	date-added    = {2017-03-31 09:26:03 +0000},
	date-modified = {2017-03-31 09:28:11 +0000},
	doi           = {10.1016/j.jbankfin.2006.06.010},
}

@Article{JS15,
	author  = {Tim Jenkinson and Miguel Sousa},
	title   = {What determines the exit decision for leveraged buyouts?},
	journal = {Journal of Banking and Finance},
	year    = {2015},
	volume  = {59},
	pages   = {399-408},
	doi     = {10.1016/j.jbankfin.2015.06.007},
}

@book{KP02,
	Author = {John D Kalbfleisch and Ross L Prentice},
	Date-Modified = {2018-03-15 21:08:54 +0000},
	Publisher = {John Wiley \& Sons},
	address = {Hoboken, NJ},
	Title = {The Statistical Analysis of Failure Time Data},
	Year = {2002},
	doi = {10.1002/9781118032985}
}

@Article{SFI15,
	author  = {Peng Shi and Xiaoping Feng and Anastasia Ivantsova},
	title   = {Dependent frequency severity modeling of insurance claims},
	journal = {Insurance: Mathematics and Economics},
	year    = {2015},
	volume  = {64},
	pages   = {417-428},
	doi     = {10.1016/j.insmatheco.2015.07.006},
}

@Article{RS05,
	title = {Generalized additive models for location, scale and
	shape,(with discussion)},
	journal = {Applied Statistics},
	volume = {54},
	part = {3},
	pages = {507-554},
	year = {2005},
	author = {R. A. Rigby and D. M. Stasinopoulos},
}

@TechReport{JX96,
	author      = {Harry Joe and James J. Xu},
	title       = {The estimation method of inference functions for margins for multivariate models},
	institution = {Department of Statistics, University of British Colombia},
	year        = {1996},
	number      = {166},
}

@Article{FF15,
	author  = {Eugene F. Fama and Kenneth R. French},
	title   = {A five-factor asset pricing model},
	journal = {Journal of Financial Economics},
	year    = {2015},
	volume  = {116},
	number  = {1},
	pages   = {1-22},
	doi     = {10.1016/j.jfineco.2014.10.010},
}

@unpublished{JMW18,
	Author = {Tim Jenkinson and Stefan Morkoetter and Thomas Wetzer},
	Month = {March},
	accessed = {2019-11-02},
	url = {https://papers.ssrn.com/sol3/papers.cfm?abstract\_id=3152734},
	Note = {unpublished working paper},
	Title = {Buy Low, Sell High? Do Private Equity Fund Managers Have Market Timing Abilities?},
	Year = {2018}}

@Article{B16b,
	author        = {Axel Buchner},
	title         = {Risk-adjusting the returns of private equity using the CAPM and multi-factor extensions},
	journal       = {Finance Research Letters},
	year          = {2016},
	volume        = {16},
	pages         = {154-161},
	doi           = {10.1016/j.frl.2015.10.023},
}

@Article{MA02, 
	author = {Min, Yongyi and Agresti, Alan},  
	title = {Modeling Nonnegative Data with Clumping at Zero: A Survey}, 
	volume = {1}, 
	number = {1-2},  
	pages = {7-33},
	journal = {Journal of the Iranian Statistical Society},   
	doi = {},  
	year = {2002}  
}

@article{J09,
	title={Credit risk models},
	author={Jarrow, Robert A},
	journal={Annu. Rev. Financ. Econ.},
	volume={1},
	number={1},
	pages={37--68},
	year={2009},
	doi = {10.1146/annurev.financial.050808.114300},  
	publisher={Annual Reviews}
}

@article{LT96,
	title={Optimal capital structure, endogenous bankruptcy, and the term structure of credit spreads},
	author={Leland, Hayne E and Toft, Klaus Bjerre},
	journal={The Journal of Finance},
	volume={51},
	number={3},
	pages={987--1019},
	year={1996},
	doi = {10.1111/j.1540-6261.1996.tb02714.x},  
	publisher={Wiley Online Library}
}

@article{FL12,
	title={Endogenizing exogenous default barrier models: The MM algorithm},
	author={Forte, Santiago and Lovreta, Lidija},
	journal={Journal of Banking \& Finance},
	volume={36},
	number={6},
	pages={1639--1652},
	year={2012},
	doi = {10.1016/j.jbankfin.2012.01.010},
	publisher={Elsevier}
}

@article{BY17,
	title={Interim fund performance and fundraising in private equity},
	author={Barber, Brad M and Yasuda, Ayako},
	journal={Journal of Financial Economics},
	volume={124},
	number={1},
	pages={172--194},
	year={2017},
	doi = {10.1016/j.jfineco.2017.01.001},
	publisher={Elsevier}
}

@article{K19,
	title={Risk Adjustment in Private Equity Returns},
	author={Korteweg, Arthur},
	journal={Annual Review of Financial Economics},
	volume={11},
	pages={131--152},
	year={2019},
	doi = {10.1146/annurev-financial-110118-123057},
	publisher={Annual Reviews}
}

@article{RS13,
	title={Do private equity fund managers earn their fees? Compensation, ownership, and cash flow performance},
	author={Robinson, David T and Sensoy, Berk A},
	journal={The Review of Financial Studies},
	volume={26},
	number={11},
	pages={2760--2797},
	year={2013},
	doi = {10.1093/rfs/hht055},
	publisher={Society for Financial Studies}
}

@article{HRSH20,
	title={Paying for performance in private equity: Evidence from venture capital partnerships},
	author={H{\"u}ther, Niklas and Robinson, David T and Sievers, S{\"o}nke and Hartmann-Wendels, Thomas},
	journal={Management Science},
	volume={66},
	number={4},
	pages={1756--1782},
	year={2020},
	doi = {10.1287/mnsc.2018.3274},
	publisher={INFORMS}
}

@article{AC10,
	title={A survey of cross-validation procedures for model selection},
	author={Arlot, Sylvain and Celisse, Alain},
	journal={Statistics surveys},
	volume={4},
	pages={40--79},
	year={2010},
}

@article{BC76,
	title={Valuing corporate securities: Some effects of bond indenture provisions},
	author={Black, Fischer and Cox, John C},
	journal={The Journal of Finance},
	volume={31},
	number={2},
	pages={351--367},
	year={1976},
	publisher={Wiley Online Library}
}

@article{CIR85,
	title={A theory of the term structure of interest rates},
	author={Cox, John C and Ingersoll Jr, Jonathan E and Ross, Stephen A},
	journal={Econometrica},
	volume={53},
	number={2},
	pages={385-407},
	year={1985},
}

@article{FNP12,
	title={Private equity performance and liquidity risk},
	author={Franzoni, Francesco and Nowak, Eric and Phalippou, Ludovic},
	journal={The Journal of Finance},
	volume={67},
	number={6},
	pages={2341--2373},
	year={2012},
	publisher={Wiley Online Library}
}

@book{BT13,
	title={Principles of sequencing and scheduling},
	author={Baker, Kenneth R and Trietsch, Dan},
	year={2013},
	publisher={John Wiley \& Sons}
}

@article{PS03,
	title={Liquidity risk and expected stock returns},
	author={P{\'a}stor, L'ubo{\v{s}} and Stambaugh, Robert F},
	journal={Journal of Political economy},
	volume={111},
	number={3},
	pages={642--685},
	year={2003},
	publisher={The University of Chicago Press}
}

@article{BY04,
	title={Risks for the long run: A potential resolution of asset pricing puzzles},
	author={Bansal, Ravi and Yaron, Amir},
	journal={The journal of Finance},
	volume={59},
	number={4},
	pages={1481--1509},
	year={2004},
	publisher={Wiley Online Library}
}

@article{CC99,
	title={By force of habit: A consumption-based explanation of aggregate stock market behavior},
	author={Campbell, John Y and Cochrane, John H},
	journal={Journal of political Economy},
	volume={107},
	number={2},
	pages={205--251},
	year={1999},
	publisher={The University of Chicago Press}
}


@unpublished{P08,
	Author = {Ludovic Phalippou},
	Note = {unpublished working paper (http://dx.doi.org/10.2139/ssrn.1111796)},
	Year = {2008},
	Title = {The Hazards of Using IRR to Measure Performance: The Case of Private Equity}
}

@article{HJS18,
	title={Financial intermediation in private equity: How well do funds of funds perform?},
	author={Harris, Robert S and Jenkinson, Tim and Kaplan, Steven N and Stucke, Ruediger},
	journal={Journal of Financial Economics},
	volume={129},
	number={2},
	pages={287--305},
	year={2018},
	publisher={Elsevier}
}

@book{HTF09,
	title={The elements of statistical learning: data mining, inference, and prediction},
	author={Hastie, Trevor and Tibshirani, Robert and Friedman, Jerome},
	year={2009},
	publisher={Springer Science \& Business Media}
}

@article{FW74,
	title={Regressions by leaps and bounds},
	author={Furnival, George M and Wilson, Robert W},
	journal={Technometrics},
	volume={16},
	number={4},
	pages={499-511},
	year={1974},
	publisher={Taylor \& Francis}
}


@unpublished{BZ19,
	Author = {Francesca Biagini and Yinglin Zhang},
	Note = {unpublished working paper as of October 29, 2019 (https://arxiv.org/pdf/1802.07741.pdf)},
	Year = {2019},
	Title = {Extended Reduced-Form Framework for Non-Life Insurance}
}

@book{Sun07,
	title={The statistical analysis of interval-censored failure time data},
	author={Sun, Jianguo},
	year={2007},
	publisher={Springer}
}

@article{EHJT04,
	title={Least angle regression},
	author={Efron, Bradley and Hastie, Trevor and Johnstone, Iain and Tibshirani, Robert and others},
	journal={Annals of statistics},
	volume={32},
	number={2},
	pages={407--499},
	year={2004},
	publisher={Institute of Mathematical Statistics}
}

@article{Z06,
	title={The adaptive lasso and its oracle properties},
	author={Zou, Hui},
	journal={Journal of the American statistical association},
	volume={101},
	number={476},
	pages={1418--1429},
	year={2006},
	publisher={Taylor \& Francis}
}

@article{ZY07,
	title={Stagewise lasso},
	author={Zhao, Peng and Yu, Bin},
	journal={The Journal of Machine Learning Research},
	volume={8},
	pages={2701--2726},
	year={2007},
	publisher={JMLR. org}
}

@article{MY10b,
	title={The economics of private equity funds},
	author={Metrick, Andrew and Yasuda, Ayako},
	journal={The Review of Financial Studies},
	volume={23},
	number={6},
	pages={2303--2341},
	year={2010},
	publisher={Oxford University Press}
}

@article{G20,
	title={Do Private Equity Managers Have Superior Information on Public Markets?},
	author={Gredil, Oleg R},
	journal={Journal of Financial and Quantitative Analysis},
	pages={1--82},
	year={2020},
	publisher={Cambridge University Press}
}

@book{C17,
	title={Financial decisions and markets: a course in asset pricing},
	author={Campbell, John Y},
	year={2017},
	publisher={Princeton University Press}
}

@article{Taleb20,
	title={Statistical consequences of fat tails: Real world preasymptotics, epistemology, and applications},
	author={Taleb, Nassim Nicholas},
	journal={arXiv preprint arXiv:2001.10488},
	year={2020}
}

@article{H99,
	title={When does the expectation of a ratio equal the ratio of expectations?},
	author={Heijmans, Risto},
	journal={Statistical Papers},
	volume={40},
	number={1},
	pages={107--115},
	year={1999},
	publisher={Springer}
}

@techreport{S79,
	title={The algebra of random variables},
	author={Springer, Melvin Dali},
	year={1979}
}

@unpublished{FA13,
	Author = {Alexandre Falin and Farshid Abdi},
	Month = {June},
	accessed = {2021-08-20},
	url = {https://www.unigestion.com/wp-content/uploads/2019/01/00323630.pdf},
	Note = {unpublished working paper},
	Title = {Risk measures in private equity - The Expected Cumulative Downside Absolute Deviation (“ECDAD”) approach},
	Year = {2013}
}

@article{F10,
	title={Yes, we should discount the far-distant future at its lowest possible rate: a resolution of the Weitzman--Gollier Puzzle},
	author={Freeman, Mark C},
	journal={Economics},
	volume={4},
	number={1},
	year={2010},
	publisher={Sciendo}
}

@article{GW10,
	title={How should the distant future be discounted when discount rates are uncertain?},
	author={Gollier, Christian and Weitzman, Martin L},
	journal={Economics Letters},
	volume={107},
	number={3},
	pages={350--353},
	year={2010},
	publisher={Elsevier}
}

@article{T13,
	title={Discounting under uncertainty: disentangling the Weitzman and the Gollier effect},
	author={Traeger, Christian P},
	journal={Journal of Environmental Economics and Management},
	volume={66},
	number={3},
	pages={573--582},
	year={2013},
	publisher={Elsevier}
}

@article{HS09,
	title={Long-term risk: An operator approach},
	author={Hansen, Lars Peter and Scheinkman, Jos{\'e} A},
	journal={Econometrica},
	volume={77},
	number={1},
	pages={177--234},
	year={2009},
	publisher={Wiley Online Library}
}

@article{PR75,
	title={On expected value vs. expected future value},
	author={Pazner, Elisha A and Razin, Assaf},
	journal={The Journal of Finance},
	volume={30},
	number={3},
	pages={875--877},
	year={1975},
	publisher={JSTOR}
}

@unpublished{S20b,
	title={The real solution of the Weitzman-Gollier Puzzle},
	author={Szekeres, Szabolcs},
	year={2020}
	url = {https://mpra.ub.uni-muenchen.de/102344/},
	Note = {unpublished working paper},
}

@unpublished{KN22,
  title={Risk-adjusted returns of private equity funds: a new approach},
	author={Korteweg, Arthur and Nagel, Stefan},
	journal={The Review of Financial Studies},
	pages={hhae067},
	year={2024},
	publisher={Oxford University Press}
}
}


@book{C05b,
	title={Asset pricing: Revised edition},
	author={Cochrane, John H},
	year={2005},
	publisher={Princeton university press}
}

@book{Beck14,
	title={Introduction to nonlinear optimization: Theory, algorithms, and applications with MATLAB},
	author={Beck, Amir},
	year={2014},
	publisher={SIAM}
}

@book{NW06,
	title={Numerical optimization},
	author={Nocedal, Jorge and Wright, Stephen},
	year={2006},
	publisher={Springer Science \& Business Media}
}

@article{CHL14,
	title={The dynamics of appraisal smoothing},
	author={Cho, Youngha and Hwang, Soosung and Lee, Yong-ki},
	journal={Real Estate Economics},
	volume={42},
	number={2},
	pages={497--529},
	year={2014},
	publisher={Wiley Online Library}
}

@article{DH21,
	title={Robust desmoothed real estate returns},
	author={Delfim, Jean-Christophe and Hoesli, Martin},
	journal={Real Estate Economics},
	volume={49},
	number={1},
	pages={75--105},
	year={2021},
	publisher={Wiley Online Library}
}

@book{Duffie01,
	title={Dynamic asset pricing theory},
	author={Duffie, Darrell},
	year={2001},
	edition={3},
	publisher={Princeton University Press}
}

@article{P20,
	title={An Inconvenient Fact: Private Equity Returns and the Billionaire Factory},
	author={Phalippou, Ludovic},
	journal={The Journal of Investing},
	volume={30},
	number={1},
	pages={11--39},
	year={2020},
	publisher={Institutional Investor Journals Umbrella}
}

@article{SS11,
	title={Venture capital, entrepreneurship, and economic growth},
	author={Samila, Sampsa and Sorenson, Olav},
	journal={The Review of Economics and Statistics},
	volume={93},
	number={1},
	pages={338--349},
	year={2011},
	publisher={The MIT Press}
}

@article{LCM19,
	title={Demystifying Illiquid Assets: Expected Returns for Private Equity},
	author={Ilmanen, Antti and Chandra, Swati and McQuinn, Nicholas},
	journal={The Journal of Alternative Investments},
	volume={22},
	number={3},
	pages={8--22},
	year={2019},
	publisher={Institutional Investor Journals Umbrella}
}

@article{BGK19,
	title={Do private equity funds manipulate reported returns?},
	author={Brown, Gregory W and Gredil, Oleg R and Kaplan, Steven N},
	journal={Journal of Financial Economics},
	volume={132},
	number={2},
	pages={267--297},
	year={2019},
	publisher={Elsevier}
}

@book{MFE05,
	title={Quantitative risk management: concepts, techniques and tools},
	author={McNeil, Alexander J and Frey, R{\"u}diger and Embrechts, Paul},
	year={2005},
	publisher={Princeton university press}
}

@book{AG07,
	title={Stochastic simulation: algorithms and analysis},
	author={Asmussen, S{\o}ren and Glynn, Peter W},
	volume={57},
	year={2007},
	publisher={Springer Science \& Business Media}
}

@book{CT04,
	title={Financial modelling with jump processes},
	author={Cont, Rama and Tankov, Peter},
	year={2004},
	publisher={Chapman and Hall/CRC}
}

@article{AA21,
	title={Do private equity funds manipulate reported returns?},
	author={Sirio Aramonte and Fernando Avalos},
	journal={BIS Quarterly Review},
	volume={December 2021},
	pages={69--82},
	year={2021},
	publisher={Bank for International Settlements}
}

@article{DMW90,
	title={Equivalent martingale measures and no-arbitrage in stochastic securities market models},
	author={Dalang, Robert C and Morton, Andrew and Willinger, Walter},
	journal={Stochastics: An International Journal of Probability and Stochastic Processes},
	volume={29},
	number={2},
	pages={185--201},
	year={1990},
	publisher={Taylor \& Francis}
}

@article{S92,
	title={A Hilbert space proof of the fundamental theorem of asset pricing in finite discrete time},
	author={Schachermayer, Walter},
	journal={Insurance: Mathematics and Economics},
	volume={11},
	number={4},
	pages={249--257},
	year={1992},
	publisher={Elsevier}
}

@article{TBS22,
	title={Modeling the exit cashflows of private equity fund investments},
	author={Christian Tausch and Axel Buchner and Georg Schl\"uchtermann},
	journal={Journal of Risk},
	volume={24},
	number={4},
	pages={47--71},
	year={2022},
	publisher={Risk Journals}
}

@article{T19,
	title={Quadratic hedging strategies for private equity fund payment streams},
	author={Christian Tausch},
	journal={Journal of Finance and Data Science},
	volume={5},
	number={3},
	pages={127--139},
	year={2019},
	publisher={KeAi}
}

@unpublished{K22,
	Author = {Arthur G. Korteweg},
	Month = {July},
	Note = {Handbook of the Economics of Corporate Finance, Vol 1: Private Equity and Entrepreneurial Finance, Forthcoming},
	Title = {Risk and Return in Private Equity},
	Year = {2022}}

@unpublished{NSS22,
	Author = {Niklas H\"uther and Lukas Schmid and Roberto Steri},
	Month = {June},
	Note = {Unpulished working paper},
	Title = {Credit Market Equivalents and the Valuation of Private Firms},
	Year = {2022}
}

@unpublished{GL21,
	title={Duration-driven returns},
	author={Gormsen, Niels Joachim and Lazarus, Eben},
	Note={Available at SSRN 3359027},
	year={2021}
}

@article{G21,
	title={The short duration premium},
	author={Gon{\c{c}}alves, Andrei S},
	journal={Journal of Financial economics},
	volume={141},
	number={3},
	pages={919--945},
	year={2021},
	publisher={Elsevier}
}

@article{M12,
	title={On the valuation of long-dated assets},
	author={Martin, Ian},
	journal={Journal of Political Economy},
	volume={120},
	number={2},
	pages={346--358},
	year={2012},
	publisher={University of Chicago Press Chicago, IL}
}

@article{P09,
	title={Real world pricing of long term contracts},
	author={Platen, Eckhard},
	journal={Quantitative Finance Research Centre Research Paper},
	number={262},
	year={2009}
}

@phdthesis{E17,
	title={Numerical Analysis in Nonlinear Least Squares Methods and Applications},
	author={Eu, Christina Nguk Ling},
	year={2017},
	school={Curtin University}
}

@article{NM65,
	title={A simplex method for function minimization},
	author={Nelder, John A and Mead, Roger},
	journal={The computer journal},
	volume={7},
	number={4},
	pages={308--313},
	year={1965},
	publisher={Oxford University Press}
}

@book{N14,
	title={Nonlinear parameter optimization using R tools},
	author={Nash, John C},
	year={2014},
	publisher={John Wiley \& Sons}
}

@book{H14b,
	title={Functional analysis: an elementary introduction},
	author={Haase, Markus},
	volume={156},
	year={2014},
	publisher={American Mathematical Society Providence, RI, USA}
}

@book{B05,
	title={Functional analysis for probability and stochastic processes: an introduction},
	author={Bobrowski, Adam},
	year={2005},
	publisher={Cambridge University Press}
}

@book{V00,
	title={Asymptotic statistics},
	author={Van der Vaart, Aad W},
	volume={3},
	year={2000},
	publisher={Cambridge university press}
}

@article{HP06,
	title={GMM with many moment conditions},
	author={Han, Chirok and Phillips, Peter CB},
	journal={Econometrica},
	volume={74},
	number={1},
	pages={147--192},
	year={2006},
	publisher={Wiley Online Library}
}

@unpublished{GJ21,
	Author = {Giommetti, Nicola and J{\o}rgensen, Rasmus},
	Note = {http://dx.doi.org/10.2139/ssrn.3980121},
	Title = {Risk Adjustment of Private Equity Cash Flows},
	Year = {2021}
}

@article{FF96,
	title={Multifactor explanations of asset pricing anomalies},
	author={Fama, Eugene F and French, Kenneth R},
	journal={The journal of finance},
	volume={51},
	number={1},
	pages={55--84},
	year={1996},
	publisher={Wiley Online Library}
}

@article{Banz81,
	title={The relationship between return and market value of common stocks},
	author={Banz, Rolf W},
	journal={Journal of financial economics},
	volume={9},
	number={1},
	pages={3--18},
	year={1981},
	publisher={Elsevier}
}

@book{DS12,
	title={Probability and statistics},
	author={DeGroot, Morris H and Schervish, Mark J},
	year={2012},
	edition={4},
	publisher={Pearson Education}
}

@article{BZ22,
	title={Extended reduced-form framework for non-life insurance},
	author={Biagini, Francesca and Zhang, Yinglin},
	journal={Advances in Applied Probability},
	volume={54},
	number={3},
	pages={945--973},
	year={2022},
	publisher={Cambridge University Press}
}

@article{TP24,
	title={Machine learning private equity returns},
	author={Tausch, Christian and Pietz, Marcus},
	journal={The Journal of Finance and Data Science},
	volume={10},
	pages={100141},
	year={2024},
	publisher={Elsevier}
}